%YAML 1.1
%TAG !u! tag:unity3d.com,2011:
--- !u!29 &1
OcclusionCullingSettings:
  m_ObjectHideFlags: 0
  serializedVersion: 2
  m_OcclusionBakeSettings:
    smallestOccluder: 5
    smallestHole: 0.25
    backfaceThreshold: 100
  m_SceneGUID: 00000000000000000000000000000000
  m_OcclusionCullingData: {fileID: 0}
--- !u!104 &2
RenderSettings:
  m_ObjectHideFlags: 0
  serializedVersion: 9
  m_Fog: 1
  m_FogColor: {r: 1, g: 1, b: 1, a: 1}
  m_FogMode: 3
  m_FogDensity: 0.015
  m_LinearFogStart: 0
  m_LinearFogEnd: 300
  m_AmbientSkyColor: {r: 0.212, g: 0.227, b: 0.259, a: 1}
  m_AmbientEquatorColor: {r: 0.114, g: 0.125, b: 0.133, a: 1}
  m_AmbientGroundColor: {r: 0.047, g: 0.043, b: 0.035, a: 1}
  m_AmbientIntensity: 1
  m_AmbientMode: 0
  m_SubtractiveShadowColor: {r: 0.42, g: 0.478, b: 0.627, a: 1}
  m_SkyboxMaterial: {fileID: 10304, guid: 0000000000000000f000000000000000, type: 0}
  m_HaloStrength: 0.5
  m_FlareStrength: 1
  m_FlareFadeSpeed: 3
  m_HaloTexture: {fileID: 0}
  m_SpotCookie: {fileID: 10001, guid: 0000000000000000e000000000000000, type: 0}
  m_DefaultReflectionMode: 0
  m_DefaultReflectionResolution: 128
  m_ReflectionBounces: 1
  m_ReflectionIntensity: 1
  m_CustomReflection: {fileID: 0}
  m_Sun: {fileID: 705507994}
  m_IndirectSpecularColor: {r: 0.44657826, g: 0.49641263, b: 0.57481676, a: 1}
  m_UseRadianceAmbientProbe: 0
--- !u!157 &3
LightmapSettings:
  m_ObjectHideFlags: 0
  serializedVersion: 11
  m_GIWorkflowMode: 1
  m_GISettings:
    serializedVersion: 2
    m_BounceScale: 1
    m_IndirectOutputScale: 1
    m_AlbedoBoost: 1
    m_EnvironmentLightingMode: 0
    m_EnableBakedLightmaps: 1
    m_EnableRealtimeLightmaps: 0
  m_LightmapEditorSettings:
    serializedVersion: 12
    m_Resolution: 2
    m_BakeResolution: 40
    m_AtlasSize: 1024
    m_AO: 0
    m_AOMaxDistance: 1
    m_CompAOExponent: 1
    m_CompAOExponentDirect: 0
    m_ExtractAmbientOcclusion: 0
    m_Padding: 2
    m_LightmapParameters: {fileID: 0}
    m_LightmapsBakeMode: 1
    m_TextureCompression: 1
    m_FinalGather: 0
    m_FinalGatherFiltering: 1
    m_FinalGatherRayCount: 256
    m_ReflectionCompression: 2
    m_MixedBakeMode: 2
    m_BakeBackend: 1
    m_PVRSampling: 1
    m_PVRDirectSampleCount: 32
    m_PVRSampleCount: 500
    m_PVRBounces: 2
    m_PVREnvironmentSampleCount: 500
    m_PVREnvironmentReferencePointCount: 2048
    m_PVRFilteringMode: 2
    m_PVRDenoiserTypeDirect: 0
    m_PVRDenoiserTypeIndirect: 0
    m_PVRDenoiserTypeAO: 0
    m_PVRFilterTypeDirect: 0
    m_PVRFilterTypeIndirect: 0
    m_PVRFilterTypeAO: 0
    m_PVREnvironmentMIS: 0
    m_PVRCulling: 1
    m_PVRFilteringGaussRadiusDirect: 1
    m_PVRFilteringGaussRadiusIndirect: 5
    m_PVRFilteringGaussRadiusAO: 2
    m_PVRFilteringAtrousPositionSigmaDirect: 0.5
    m_PVRFilteringAtrousPositionSigmaIndirect: 2
    m_PVRFilteringAtrousPositionSigmaAO: 1
    m_ExportTrainingData: 0
    m_TrainingDataDestination: TrainingData
    m_LightProbeSampleCountMultiplier: 4
  m_LightingDataAsset: {fileID: 112000000, guid: c4e5f160cff51c1418f143462bee09ec,
    type: 2}
  m_UseShadowmask: 1
--- !u!196 &4
NavMeshSettings:
  serializedVersion: 2
  m_ObjectHideFlags: 0
  m_BuildSettings:
    serializedVersion: 2
    agentTypeID: 0
    agentRadius: 0.5
    agentHeight: 2
    agentSlope: 45
    agentClimb: 0.4
    ledgeDropHeight: 0
    maxJumpAcrossDistance: 0
    minRegionArea: 2
    manualCellSize: 0
    cellSize: 0.16666667
    manualTileSize: 0
    tileSize: 256
    accuratePlacement: 0
    debug:
      m_Flags: 0
  m_NavMeshData: {fileID: 0}
--- !u!1001 &48668095
PrefabInstance:
  m_ObjectHideFlags: 0
  serializedVersion: 2
  m_Modification:
    m_TransformParent: {fileID: 1509184762}
    m_Modifications:
    - target: {fileID: 7621964772093228073, guid: 09fb61748db753f499a4ff93f5cdb2f2,
        type: 3}
      propertyPath: m_Name
      value: Obstcale (2)
      objectReference: {fileID: 0}
    - target: {fileID: 7621964772093228074, guid: 09fb61748db753f499a4ff93f5cdb2f2,
        type: 3}
      propertyPath: m_Materials.Array.data[0]
      value: 
      objectReference: {fileID: 2100000, guid: 1bfe3572d9ddaaa419ac521bf9b761db, type: 2}
    - target: {fileID: 7621964772093228076, guid: 09fb61748db753f499a4ff93f5cdb2f2,
        type: 3}
      propertyPath: m_RootOrder
      value: 2
      objectReference: {fileID: 0}
    - target: {fileID: 7621964772093228076, guid: 09fb61748db753f499a4ff93f5cdb2f2,
        type: 3}
      propertyPath: m_LocalPosition.x
      value: -63.1
      objectReference: {fileID: 0}
    - target: {fileID: 7621964772093228076, guid: 09fb61748db753f499a4ff93f5cdb2f2,
        type: 3}
      propertyPath: m_LocalPosition.y
      value: -16.78685
      objectReference: {fileID: 0}
    - target: {fileID: 7621964772093228076, guid: 09fb61748db753f499a4ff93f5cdb2f2,
        type: 3}
      propertyPath: m_LocalPosition.z
      value: -240.8
      objectReference: {fileID: 0}
    - target: {fileID: 7621964772093228076, guid: 09fb61748db753f499a4ff93f5cdb2f2,
        type: 3}
      propertyPath: m_LocalRotation.w
      value: 1
      objectReference: {fileID: 0}
    - target: {fileID: 7621964772093228076, guid: 09fb61748db753f499a4ff93f5cdb2f2,
        type: 3}
      propertyPath: m_LocalRotation.x
      value: -0
      objectReference: {fileID: 0}
    - target: {fileID: 7621964772093228076, guid: 09fb61748db753f499a4ff93f5cdb2f2,
        type: 3}
      propertyPath: m_LocalRotation.y
      value: -0
      objectReference: {fileID: 0}
    - target: {fileID: 7621964772093228076, guid: 09fb61748db753f499a4ff93f5cdb2f2,
        type: 3}
      propertyPath: m_LocalRotation.z
      value: -0
      objectReference: {fileID: 0}
    - target: {fileID: 7621964772093228076, guid: 09fb61748db753f499a4ff93f5cdb2f2,
        type: 3}
      propertyPath: m_LocalEulerAnglesHint.x
      value: 0
      objectReference: {fileID: 0}
    - target: {fileID: 7621964772093228076, guid: 09fb61748db753f499a4ff93f5cdb2f2,
        type: 3}
      propertyPath: m_LocalEulerAnglesHint.y
      value: 0
      objectReference: {fileID: 0}
    - target: {fileID: 7621964772093228076, guid: 09fb61748db753f499a4ff93f5cdb2f2,
        type: 3}
      propertyPath: m_LocalEulerAnglesHint.z
      value: 0
      objectReference: {fileID: 0}
    m_RemovedComponents: []
  m_SourcePrefab: {fileID: 100100000, guid: 09fb61748db753f499a4ff93f5cdb2f2, type: 3}
--- !u!4 &48668096 stripped
Transform:
  m_CorrespondingSourceObject: {fileID: 7621964772093228076, guid: 09fb61748db753f499a4ff93f5cdb2f2,
    type: 3}
  m_PrefabInstance: {fileID: 48668095}
  m_PrefabAsset: {fileID: 0}
--- !u!1001 &126845304
PrefabInstance:
  m_ObjectHideFlags: 0
  serializedVersion: 2
  m_Modification:
    m_TransformParent: {fileID: 1509184762}
    m_Modifications:
    - target: {fileID: 7621964772093228073, guid: 09fb61748db753f499a4ff93f5cdb2f2,
        type: 3}
      propertyPath: m_Name
      value: Obstcale (3)
      objectReference: {fileID: 0}
    - target: {fileID: 7621964772093228074, guid: 09fb61748db753f499a4ff93f5cdb2f2,
        type: 3}
      propertyPath: m_Materials.Array.data[0]
      value: 
      objectReference: {fileID: 2100000, guid: 1bfe3572d9ddaaa419ac521bf9b761db, type: 2}
    - target: {fileID: 7621964772093228076, guid: 09fb61748db753f499a4ff93f5cdb2f2,
        type: 3}
      propertyPath: m_RootOrder
      value: 3
      objectReference: {fileID: 0}
    - target: {fileID: 7621964772093228076, guid: 09fb61748db753f499a4ff93f5cdb2f2,
        type: 3}
      propertyPath: m_LocalPosition.x
      value: -57.1
      objectReference: {fileID: 0}
    - target: {fileID: 7621964772093228076, guid: 09fb61748db753f499a4ff93f5cdb2f2,
        type: 3}
      propertyPath: m_LocalPosition.y
      value: -16.78685
      objectReference: {fileID: 0}
    - target: {fileID: 7621964772093228076, guid: 09fb61748db753f499a4ff93f5cdb2f2,
        type: 3}
      propertyPath: m_LocalPosition.z
      value: -210.8
      objectReference: {fileID: 0}
    - target: {fileID: 7621964772093228076, guid: 09fb61748db753f499a4ff93f5cdb2f2,
        type: 3}
      propertyPath: m_LocalRotation.w
      value: 1
      objectReference: {fileID: 0}
    - target: {fileID: 7621964772093228076, guid: 09fb61748db753f499a4ff93f5cdb2f2,
        type: 3}
      propertyPath: m_LocalRotation.x
      value: -0
      objectReference: {fileID: 0}
    - target: {fileID: 7621964772093228076, guid: 09fb61748db753f499a4ff93f5cdb2f2,
        type: 3}
      propertyPath: m_LocalRotation.y
      value: -0
      objectReference: {fileID: 0}
    - target: {fileID: 7621964772093228076, guid: 09fb61748db753f499a4ff93f5cdb2f2,
        type: 3}
      propertyPath: m_LocalRotation.z
      value: -0
      objectReference: {fileID: 0}
    - target: {fileID: 7621964772093228076, guid: 09fb61748db753f499a4ff93f5cdb2f2,
        type: 3}
      propertyPath: m_LocalEulerAnglesHint.x
      value: 0
      objectReference: {fileID: 0}
    - target: {fileID: 7621964772093228076, guid: 09fb61748db753f499a4ff93f5cdb2f2,
        type: 3}
      propertyPath: m_LocalEulerAnglesHint.y
      value: 0
      objectReference: {fileID: 0}
    - target: {fileID: 7621964772093228076, guid: 09fb61748db753f499a4ff93f5cdb2f2,
        type: 3}
      propertyPath: m_LocalEulerAnglesHint.z
      value: 0
      objectReference: {fileID: 0}
    m_RemovedComponents: []
  m_SourcePrefab: {fileID: 100100000, guid: 09fb61748db753f499a4ff93f5cdb2f2, type: 3}
--- !u!4 &126845305 stripped
Transform:
  m_CorrespondingSourceObject: {fileID: 7621964772093228076, guid: 09fb61748db753f499a4ff93f5cdb2f2,
    type: 3}
  m_PrefabInstance: {fileID: 126845304}
  m_PrefabAsset: {fileID: 0}
--- !u!1001 &146363282
PrefabInstance:
  m_ObjectHideFlags: 0
  serializedVersion: 2
  m_Modification:
    m_TransformParent: {fileID: 1509184762}
    m_Modifications:
    - target: {fileID: 7621964772093228073, guid: 09fb61748db753f499a4ff93f5cdb2f2,
        type: 3}
      propertyPath: m_Name
      value: Obstcale
      objectReference: {fileID: 0}
    - target: {fileID: 7621964772093228074, guid: 09fb61748db753f499a4ff93f5cdb2f2,
        type: 3}
      propertyPath: m_Materials.Array.data[0]
      value: 
      objectReference: {fileID: 2100000, guid: 1bfe3572d9ddaaa419ac521bf9b761db, type: 2}
    - target: {fileID: 7621964772093228076, guid: 09fb61748db753f499a4ff93f5cdb2f2,
        type: 3}
      propertyPath: m_RootOrder
      value: 0
      objectReference: {fileID: 0}
    - target: {fileID: 7621964772093228076, guid: 09fb61748db753f499a4ff93f5cdb2f2,
        type: 3}
      propertyPath: m_LocalPosition.x
      value: -57.109875
      objectReference: {fileID: 0}
    - target: {fileID: 7621964772093228076, guid: 09fb61748db753f499a4ff93f5cdb2f2,
        type: 3}
      propertyPath: m_LocalPosition.y
      value: -16.78685
      objectReference: {fileID: 0}
    - target: {fileID: 7621964772093228076, guid: 09fb61748db753f499a4ff93f5cdb2f2,
        type: 3}
      propertyPath: m_LocalPosition.z
      value: -274.8284
      objectReference: {fileID: 0}
    - target: {fileID: 7621964772093228076, guid: 09fb61748db753f499a4ff93f5cdb2f2,
        type: 3}
      propertyPath: m_LocalRotation.w
      value: 1
      objectReference: {fileID: 0}
    - target: {fileID: 7621964772093228076, guid: 09fb61748db753f499a4ff93f5cdb2f2,
        type: 3}
      propertyPath: m_LocalRotation.x
      value: -0
      objectReference: {fileID: 0}
    - target: {fileID: 7621964772093228076, guid: 09fb61748db753f499a4ff93f5cdb2f2,
        type: 3}
      propertyPath: m_LocalRotation.y
      value: -0
      objectReference: {fileID: 0}
    - target: {fileID: 7621964772093228076, guid: 09fb61748db753f499a4ff93f5cdb2f2,
        type: 3}
      propertyPath: m_LocalRotation.z
      value: -0
      objectReference: {fileID: 0}
    - target: {fileID: 7621964772093228076, guid: 09fb61748db753f499a4ff93f5cdb2f2,
        type: 3}
      propertyPath: m_LocalEulerAnglesHint.x
      value: 0
      objectReference: {fileID: 0}
    - target: {fileID: 7621964772093228076, guid: 09fb61748db753f499a4ff93f5cdb2f2,
        type: 3}
      propertyPath: m_LocalEulerAnglesHint.y
      value: 0
      objectReference: {fileID: 0}
    - target: {fileID: 7621964772093228076, guid: 09fb61748db753f499a4ff93f5cdb2f2,
        type: 3}
      propertyPath: m_LocalEulerAnglesHint.z
      value: 0
      objectReference: {fileID: 0}
    m_RemovedComponents: []
  m_SourcePrefab: {fileID: 100100000, guid: 09fb61748db753f499a4ff93f5cdb2f2, type: 3}
--- !u!1001 &266868274
PrefabInstance:
  m_ObjectHideFlags: 0
  serializedVersion: 2
  m_Modification:
    m_TransformParent: {fileID: 1509184762}
    m_Modifications:
    - target: {fileID: 7621964772093228073, guid: 09fb61748db753f499a4ff93f5cdb2f2,
        type: 3}
      propertyPath: m_Name
      value: Obstcale (13)
      objectReference: {fileID: 0}
    - target: {fileID: 7621964772093228074, guid: 09fb61748db753f499a4ff93f5cdb2f2,
        type: 3}
      propertyPath: m_Materials.Array.data[0]
      value: 
      objectReference: {fileID: 2100000, guid: 1bfe3572d9ddaaa419ac521bf9b761db, type: 2}
    - target: {fileID: 7621964772093228076, guid: 09fb61748db753f499a4ff93f5cdb2f2,
        type: 3}
      propertyPath: m_RootOrder
      value: 13
      objectReference: {fileID: 0}
    - target: {fileID: 7621964772093228076, guid: 09fb61748db753f499a4ff93f5cdb2f2,
        type: 3}
      propertyPath: m_LocalPosition.x
      value: -63.1
      objectReference: {fileID: 0}
    - target: {fileID: 7621964772093228076, guid: 09fb61748db753f499a4ff93f5cdb2f2,
        type: 3}
      propertyPath: m_LocalPosition.y
      value: -16.78685
      objectReference: {fileID: 0}
    - target: {fileID: 7621964772093228076, guid: 09fb61748db753f499a4ff93f5cdb2f2,
        type: 3}
      propertyPath: m_LocalPosition.z
      value: -126.6
      objectReference: {fileID: 0}
    - target: {fileID: 7621964772093228076, guid: 09fb61748db753f499a4ff93f5cdb2f2,
        type: 3}
      propertyPath: m_LocalRotation.w
      value: 1
      objectReference: {fileID: 0}
    - target: {fileID: 7621964772093228076, guid: 09fb61748db753f499a4ff93f5cdb2f2,
        type: 3}
      propertyPath: m_LocalRotation.x
      value: -0
      objectReference: {fileID: 0}
    - target: {fileID: 7621964772093228076, guid: 09fb61748db753f499a4ff93f5cdb2f2,
        type: 3}
      propertyPath: m_LocalRotation.y
      value: -0
      objectReference: {fileID: 0}
    - target: {fileID: 7621964772093228076, guid: 09fb61748db753f499a4ff93f5cdb2f2,
        type: 3}
      propertyPath: m_LocalRotation.z
      value: -0
      objectReference: {fileID: 0}
    - target: {fileID: 7621964772093228076, guid: 09fb61748db753f499a4ff93f5cdb2f2,
        type: 3}
      propertyPath: m_LocalEulerAnglesHint.x
      value: 0
      objectReference: {fileID: 0}
    - target: {fileID: 7621964772093228076, guid: 09fb61748db753f499a4ff93f5cdb2f2,
        type: 3}
      propertyPath: m_LocalEulerAnglesHint.y
      value: 0
      objectReference: {fileID: 0}
    - target: {fileID: 7621964772093228076, guid: 09fb61748db753f499a4ff93f5cdb2f2,
        type: 3}
      propertyPath: m_LocalEulerAnglesHint.z
      value: 0
      objectReference: {fileID: 0}
    m_RemovedComponents: []
  m_SourcePrefab: {fileID: 100100000, guid: 09fb61748db753f499a4ff93f5cdb2f2, type: 3}
--- !u!4 &266868275 stripped
Transform:
  m_CorrespondingSourceObject: {fileID: 7621964772093228076, guid: 09fb61748db753f499a4ff93f5cdb2f2,
    type: 3}
  m_PrefabInstance: {fileID: 266868274}
  m_PrefabAsset: {fileID: 0}
--- !u!1001 &325959916
PrefabInstance:
  m_ObjectHideFlags: 0
  serializedVersion: 2
  m_Modification:
    m_TransformParent: {fileID: 1509184762}
    m_Modifications:
    - target: {fileID: 7621964772093228073, guid: 09fb61748db753f499a4ff93f5cdb2f2,
        type: 3}
      propertyPath: m_Name
      value: Obstcale (14)
      objectReference: {fileID: 0}
    - target: {fileID: 7621964772093228074, guid: 09fb61748db753f499a4ff93f5cdb2f2,
        type: 3}
      propertyPath: m_Materials.Array.data[0]
      value: 
      objectReference: {fileID: 2100000, guid: 1bfe3572d9ddaaa419ac521bf9b761db, type: 2}
    - target: {fileID: 7621964772093228076, guid: 09fb61748db753f499a4ff93f5cdb2f2,
        type: 3}
      propertyPath: m_RootOrder
      value: 14
      objectReference: {fileID: 0}
    - target: {fileID: 7621964772093228076, guid: 09fb61748db753f499a4ff93f5cdb2f2,
        type: 3}
      propertyPath: m_LocalPosition.x
      value: -65.1
      objectReference: {fileID: 0}
    - target: {fileID: 7621964772093228076, guid: 09fb61748db753f499a4ff93f5cdb2f2,
        type: 3}
      propertyPath: m_LocalPosition.y
      value: -16.78685
      objectReference: {fileID: 0}
    - target: {fileID: 7621964772093228076, guid: 09fb61748db753f499a4ff93f5cdb2f2,
        type: 3}
      propertyPath: m_LocalPosition.z
      value: -126.600006
      objectReference: {fileID: 0}
    - target: {fileID: 7621964772093228076, guid: 09fb61748db753f499a4ff93f5cdb2f2,
        type: 3}
      propertyPath: m_LocalRotation.w
      value: 1
      objectReference: {fileID: 0}
    - target: {fileID: 7621964772093228076, guid: 09fb61748db753f499a4ff93f5cdb2f2,
        type: 3}
      propertyPath: m_LocalRotation.x
      value: -0
      objectReference: {fileID: 0}
    - target: {fileID: 7621964772093228076, guid: 09fb61748db753f499a4ff93f5cdb2f2,
        type: 3}
      propertyPath: m_LocalRotation.y
      value: -0
      objectReference: {fileID: 0}
    - target: {fileID: 7621964772093228076, guid: 09fb61748db753f499a4ff93f5cdb2f2,
        type: 3}
      propertyPath: m_LocalRotation.z
      value: -0
      objectReference: {fileID: 0}
    - target: {fileID: 7621964772093228076, guid: 09fb61748db753f499a4ff93f5cdb2f2,
        type: 3}
      propertyPath: m_LocalEulerAnglesHint.x
      value: 0
      objectReference: {fileID: 0}
    - target: {fileID: 7621964772093228076, guid: 09fb61748db753f499a4ff93f5cdb2f2,
        type: 3}
      propertyPath: m_LocalEulerAnglesHint.y
      value: 0
      objectReference: {fileID: 0}
    - target: {fileID: 7621964772093228076, guid: 09fb61748db753f499a4ff93f5cdb2f2,
        type: 3}
      propertyPath: m_LocalEulerAnglesHint.z
      value: 0
      objectReference: {fileID: 0}
    m_RemovedComponents: []
  m_SourcePrefab: {fileID: 100100000, guid: 09fb61748db753f499a4ff93f5cdb2f2, type: 3}
--- !u!4 &325959917 stripped
Transform:
  m_CorrespondingSourceObject: {fileID: 7621964772093228076, guid: 09fb61748db753f499a4ff93f5cdb2f2,
    type: 3}
  m_PrefabInstance: {fileID: 325959916}
  m_PrefabAsset: {fileID: 0}
--- !u!1001 &486373045
PrefabInstance:
  m_ObjectHideFlags: 0
  serializedVersion: 2
  m_Modification:
    m_TransformParent: {fileID: 1509184762}
    m_Modifications:
    - target: {fileID: 7621964772093228073, guid: 09fb61748db753f499a4ff93f5cdb2f2,
        type: 3}
      propertyPath: m_Name
      value: Obstcale (8)
      objectReference: {fileID: 0}
    - target: {fileID: 7621964772093228074, guid: 09fb61748db753f499a4ff93f5cdb2f2,
        type: 3}
      propertyPath: m_Materials.Array.data[0]
      value: 
      objectReference: {fileID: 2100000, guid: 1bfe3572d9ddaaa419ac521bf9b761db, type: 2}
    - target: {fileID: 7621964772093228076, guid: 09fb61748db753f499a4ff93f5cdb2f2,
        type: 3}
      propertyPath: m_RootOrder
      value: 8
      objectReference: {fileID: 0}
    - target: {fileID: 7621964772093228076, guid: 09fb61748db753f499a4ff93f5cdb2f2,
        type: 3}
      propertyPath: m_LocalPosition.x
      value: -69.1
      objectReference: {fileID: 0}
    - target: {fileID: 7621964772093228076, guid: 09fb61748db753f499a4ff93f5cdb2f2,
        type: 3}
      propertyPath: m_LocalPosition.y
      value: -16.78685
      objectReference: {fileID: 0}
    - target: {fileID: 7621964772093228076, guid: 09fb61748db753f499a4ff93f5cdb2f2,
        type: 3}
      propertyPath: m_LocalPosition.z
      value: -188.8
      objectReference: {fileID: 0}
    - target: {fileID: 7621964772093228076, guid: 09fb61748db753f499a4ff93f5cdb2f2,
        type: 3}
      propertyPath: m_LocalRotation.w
      value: 1
      objectReference: {fileID: 0}
    - target: {fileID: 7621964772093228076, guid: 09fb61748db753f499a4ff93f5cdb2f2,
        type: 3}
      propertyPath: m_LocalRotation.x
      value: -0
      objectReference: {fileID: 0}
    - target: {fileID: 7621964772093228076, guid: 09fb61748db753f499a4ff93f5cdb2f2,
        type: 3}
      propertyPath: m_LocalRotation.y
      value: -0
      objectReference: {fileID: 0}
    - target: {fileID: 7621964772093228076, guid: 09fb61748db753f499a4ff93f5cdb2f2,
        type: 3}
      propertyPath: m_LocalRotation.z
      value: -0
      objectReference: {fileID: 0}
    - target: {fileID: 7621964772093228076, guid: 09fb61748db753f499a4ff93f5cdb2f2,
        type: 3}
      propertyPath: m_LocalEulerAnglesHint.x
      value: 0
      objectReference: {fileID: 0}
    - target: {fileID: 7621964772093228076, guid: 09fb61748db753f499a4ff93f5cdb2f2,
        type: 3}
      propertyPath: m_LocalEulerAnglesHint.y
      value: 0
      objectReference: {fileID: 0}
    - target: {fileID: 7621964772093228076, guid: 09fb61748db753f499a4ff93f5cdb2f2,
        type: 3}
      propertyPath: m_LocalEulerAnglesHint.z
      value: 0
      objectReference: {fileID: 0}
    m_RemovedComponents: []
  m_SourcePrefab: {fileID: 100100000, guid: 09fb61748db753f499a4ff93f5cdb2f2, type: 3}
--- !u!4 &486373046 stripped
Transform:
  m_CorrespondingSourceObject: {fileID: 7621964772093228076, guid: 09fb61748db753f499a4ff93f5cdb2f2,
    type: 3}
  m_PrefabInstance: {fileID: 486373045}
  m_PrefabAsset: {fileID: 0}
--- !u!1001 &563067195
PrefabInstance:
  m_ObjectHideFlags: 0
  serializedVersion: 2
  m_Modification:
    m_TransformParent: {fileID: 1509184762}
    m_Modifications:
    - target: {fileID: 7621964772093228073, guid: 09fb61748db753f499a4ff93f5cdb2f2,
        type: 3}
      propertyPath: m_Name
      value: Obstcale (10)
      objectReference: {fileID: 0}
    - target: {fileID: 7621964772093228074, guid: 09fb61748db753f499a4ff93f5cdb2f2,
        type: 3}
      propertyPath: m_Materials.Array.data[0]
      value: 
      objectReference: {fileID: 2100000, guid: 1bfe3572d9ddaaa419ac521bf9b761db, type: 2}
    - target: {fileID: 7621964772093228076, guid: 09fb61748db753f499a4ff93f5cdb2f2,
        type: 3}
      propertyPath: m_RootOrder
      value: 10
      objectReference: {fileID: 0}
    - target: {fileID: 7621964772093228076, guid: 09fb61748db753f499a4ff93f5cdb2f2,
        type: 3}
      propertyPath: m_LocalPosition.x
      value: -59.1
      objectReference: {fileID: 0}
    - target: {fileID: 7621964772093228076, guid: 09fb61748db753f499a4ff93f5cdb2f2,
        type: 3}
      propertyPath: m_LocalPosition.y
      value: -16.78685
      objectReference: {fileID: 0}
    - target: {fileID: 7621964772093228076, guid: 09fb61748db753f499a4ff93f5cdb2f2,
        type: 3}
      propertyPath: m_LocalPosition.z
      value: -156.2
      objectReference: {fileID: 0}
    - target: {fileID: 7621964772093228076, guid: 09fb61748db753f499a4ff93f5cdb2f2,
        type: 3}
      propertyPath: m_LocalRotation.w
      value: 1
      objectReference: {fileID: 0}
    - target: {fileID: 7621964772093228076, guid: 09fb61748db753f499a4ff93f5cdb2f2,
        type: 3}
      propertyPath: m_LocalRotation.x
      value: -0
      objectReference: {fileID: 0}
    - target: {fileID: 7621964772093228076, guid: 09fb61748db753f499a4ff93f5cdb2f2,
        type: 3}
      propertyPath: m_LocalRotation.y
      value: -0
      objectReference: {fileID: 0}
    - target: {fileID: 7621964772093228076, guid: 09fb61748db753f499a4ff93f5cdb2f2,
        type: 3}
      propertyPath: m_LocalRotation.z
      value: -0
      objectReference: {fileID: 0}
    - target: {fileID: 7621964772093228076, guid: 09fb61748db753f499a4ff93f5cdb2f2,
        type: 3}
      propertyPath: m_LocalEulerAnglesHint.x
      value: 0
      objectReference: {fileID: 0}
    - target: {fileID: 7621964772093228076, guid: 09fb61748db753f499a4ff93f5cdb2f2,
        type: 3}
      propertyPath: m_LocalEulerAnglesHint.y
      value: 0
      objectReference: {fileID: 0}
    - target: {fileID: 7621964772093228076, guid: 09fb61748db753f499a4ff93f5cdb2f2,
        type: 3}
      propertyPath: m_LocalEulerAnglesHint.z
      value: 0
      objectReference: {fileID: 0}
    m_RemovedComponents: []
  m_SourcePrefab: {fileID: 100100000, guid: 09fb61748db753f499a4ff93f5cdb2f2, type: 3}
--- !u!4 &563067196 stripped
Transform:
  m_CorrespondingSourceObject: {fileID: 7621964772093228076, guid: 09fb61748db753f499a4ff93f5cdb2f2,
    type: 3}
  m_PrefabInstance: {fileID: 563067195}
  m_PrefabAsset: {fileID: 0}
--- !u!1001 &573932697
PrefabInstance:
  m_ObjectHideFlags: 0
  serializedVersion: 2
  m_Modification:
    m_TransformParent: {fileID: 1509184762}
    m_Modifications:
    - target: {fileID: 7621964772093228073, guid: 09fb61748db753f499a4ff93f5cdb2f2,
        type: 3}
      propertyPath: m_Name
      value: Obstcale (16)
      objectReference: {fileID: 0}
    - target: {fileID: 7621964772093228074, guid: 09fb61748db753f499a4ff93f5cdb2f2,
        type: 3}
      propertyPath: m_Materials.Array.data[0]
      value: 
      objectReference: {fileID: 2100000, guid: 1bfe3572d9ddaaa419ac521bf9b761db, type: 2}
    - target: {fileID: 7621964772093228076, guid: 09fb61748db753f499a4ff93f5cdb2f2,
        type: 3}
      propertyPath: m_RootOrder
      value: 16
      objectReference: {fileID: 0}
    - target: {fileID: 7621964772093228076, guid: 09fb61748db753f499a4ff93f5cdb2f2,
        type: 3}
      propertyPath: m_LocalPosition.x
      value: -67.1
      objectReference: {fileID: 0}
    - target: {fileID: 7621964772093228076, guid: 09fb61748db753f499a4ff93f5cdb2f2,
        type: 3}
      propertyPath: m_LocalPosition.y
      value: -16.78685
      objectReference: {fileID: 0}
    - target: {fileID: 7621964772093228076, guid: 09fb61748db753f499a4ff93f5cdb2f2,
        type: 3}
      propertyPath: m_LocalPosition.z
      value: -84.4
      objectReference: {fileID: 0}
    - target: {fileID: 7621964772093228076, guid: 09fb61748db753f499a4ff93f5cdb2f2,
        type: 3}
      propertyPath: m_LocalRotation.w
      value: 1
      objectReference: {fileID: 0}
    - target: {fileID: 7621964772093228076, guid: 09fb61748db753f499a4ff93f5cdb2f2,
        type: 3}
      propertyPath: m_LocalRotation.x
      value: -0
      objectReference: {fileID: 0}
    - target: {fileID: 7621964772093228076, guid: 09fb61748db753f499a4ff93f5cdb2f2,
        type: 3}
      propertyPath: m_LocalRotation.y
      value: -0
      objectReference: {fileID: 0}
    - target: {fileID: 7621964772093228076, guid: 09fb61748db753f499a4ff93f5cdb2f2,
        type: 3}
      propertyPath: m_LocalRotation.z
      value: -0
      objectReference: {fileID: 0}
    - target: {fileID: 7621964772093228076, guid: 09fb61748db753f499a4ff93f5cdb2f2,
        type: 3}
      propertyPath: m_LocalEulerAnglesHint.x
      value: 0
      objectReference: {fileID: 0}
    - target: {fileID: 7621964772093228076, guid: 09fb61748db753f499a4ff93f5cdb2f2,
        type: 3}
      propertyPath: m_LocalEulerAnglesHint.y
      value: 0
      objectReference: {fileID: 0}
    - target: {fileID: 7621964772093228076, guid: 09fb61748db753f499a4ff93f5cdb2f2,
        type: 3}
      propertyPath: m_LocalEulerAnglesHint.z
      value: 0
      objectReference: {fileID: 0}
    m_RemovedComponents: []
  m_SourcePrefab: {fileID: 100100000, guid: 09fb61748db753f499a4ff93f5cdb2f2, type: 3}
--- !u!4 &573932698 stripped
Transform:
  m_CorrespondingSourceObject: {fileID: 7621964772093228076, guid: 09fb61748db753f499a4ff93f5cdb2f2,
    type: 3}
  m_PrefabInstance: {fileID: 573932697}
  m_PrefabAsset: {fileID: 0}
--- !u!1 &705507993
GameObject:
  m_ObjectHideFlags: 0
  m_CorrespondingSourceObject: {fileID: 0}
  m_PrefabInstance: {fileID: 0}
  m_PrefabAsset: {fileID: 0}
  serializedVersion: 6
  m_Component:
  - component: {fileID: 705507995}
  - component: {fileID: 705507994}
  m_Layer: 0
  m_Name: Directional Light
  m_TagString: Untagged
  m_Icon: {fileID: 0}
  m_NavMeshLayer: 0
  m_StaticEditorFlags: 0
  m_IsActive: 1
--- !u!108 &705507994
Light:
  m_ObjectHideFlags: 0
  m_CorrespondingSourceObject: {fileID: 0}
  m_PrefabInstance: {fileID: 0}
  m_PrefabAsset: {fileID: 0}
  m_GameObject: {fileID: 705507993}
  m_Enabled: 1
  serializedVersion: 10
  m_Type: 1
  m_Shape: 0
  m_Color: {r: 1, g: 0.95686275, b: 0.8392157, a: 1}
  m_Intensity: 1
  m_Range: 10
  m_SpotAngle: 30
  m_InnerSpotAngle: 21.80208
  m_CookieSize: 10
  m_Shadows:
    m_Type: 2
    m_Resolution: -1
    m_CustomResolution: -1
    m_Strength: 1
    m_Bias: 0.05
    m_NormalBias: 0.4
    m_NearPlane: 0.2
    m_CullingMatrixOverride:
      e00: 1
      e01: 0
      e02: 0
      e03: 0
      e10: 0
      e11: 1
      e12: 0
      e13: 0
      e20: 0
      e21: 0
      e22: 1
      e23: 0
      e30: 0
      e31: 0
      e32: 0
      e33: 1
    m_UseCullingMatrixOverride: 0
  m_Cookie: {fileID: 0}
  m_DrawHalo: 0
  m_Flare: {fileID: 0}
  m_RenderMode: 0
  m_CullingMask:
    serializedVersion: 2
    m_Bits: 4294967295
  m_RenderingLayerMask: 1
  m_Lightmapping: 1
  m_LightShadowCasterMode: 0
  m_AreaSize: {x: 1, y: 1}
  m_BounceIntensity: 1
  m_ColorTemperature: 6570
  m_UseColorTemperature: 0
  m_BoundingSphereOverride: {x: 0, y: 0, z: 0, w: 0}
  m_UseBoundingSphereOverride: 0
  m_ShadowRadius: 0
  m_ShadowAngle: 0
--- !u!4 &705507995
Transform:
  m_ObjectHideFlags: 0
  m_CorrespondingSourceObject: {fileID: 0}
  m_PrefabInstance: {fileID: 0}
  m_PrefabAsset: {fileID: 0}
  m_GameObject: {fileID: 705507993}
  m_LocalRotation: {x: 0.40821788, y: -0.23456968, z: 0.10938163, w: 0.8754261}
  m_LocalPosition: {x: 0, y: 3, z: 0}
  m_LocalScale: {x: 1, y: 1, z: 1}
  m_Children: []
  m_Father: {fileID: 0}
  m_RootOrder: 2
  m_LocalEulerAnglesHint: {x: 50, y: -30, z: 0}
--- !u!4 &713378654 stripped
Transform:
  m_CorrespondingSourceObject: {fileID: 8052355159679958667, guid: 7d7a6fd8c0c8a4040a9bfa27020fbef4,
    type: 3}
  m_PrefabInstance: {fileID: 1657529568}
  m_PrefabAsset: {fileID: 0}
--- !u!4 &714888444 stripped
Transform:
  m_CorrespondingSourceObject: {fileID: 7621964772093228076, guid: 09fb61748db753f499a4ff93f5cdb2f2,
    type: 3}
  m_PrefabInstance: {fileID: 146363282}
  m_PrefabAsset: {fileID: 0}
--- !u!1 &828858629
GameObject:
  m_ObjectHideFlags: 0
  m_CorrespondingSourceObject: {fileID: 0}
  m_PrefabInstance: {fileID: 0}
  m_PrefabAsset: {fileID: 0}
  serializedVersion: 6
  m_Component:
  - component: {fileID: 828858633}
  - component: {fileID: 828858632}
  - component: {fileID: 828858631}
  - component: {fileID: 828858630}
  m_Layer: 8
  m_Name: Ground
  m_TagString: Untagged
  m_Icon: {fileID: 0}
  m_NavMeshLayer: 0
  m_StaticEditorFlags: 0
  m_IsActive: 1
--- !u!65 &828858630
BoxCollider:
  m_ObjectHideFlags: 0
  m_CorrespondingSourceObject: {fileID: 0}
  m_PrefabInstance: {fileID: 0}
  m_PrefabAsset: {fileID: 0}
  m_GameObject: {fileID: 828858629}
  m_Material: {fileID: 13400000, guid: 56929e59e12eed94490749a9e3393045, type: 2}
  m_IsTrigger: 0
  m_Enabled: 1
  serializedVersion: 2
  m_Size: {x: 1, y: 1, z: 1}
  m_Center: {x: 0, y: 0, z: 0}
--- !u!23 &828858631
MeshRenderer:
  m_ObjectHideFlags: 0
  m_CorrespondingSourceObject: {fileID: 0}
  m_PrefabInstance: {fileID: 0}
  m_PrefabAsset: {fileID: 0}
  m_GameObject: {fileID: 828858629}
  m_Enabled: 1
  m_CastShadows: 1
  m_ReceiveShadows: 1
  m_DynamicOccludee: 1
  m_MotionVectors: 1
  m_LightProbeUsage: 1
  m_ReflectionProbeUsage: 1
  m_RayTracingMode: 2
  m_RenderingLayerMask: 1
  m_RendererPriority: 0
  m_Materials:
  - {fileID: 2100000, guid: 5ae41d882e2273442a83262a3316cef1, type: 2}
  m_StaticBatchInfo:
    firstSubMesh: 0
    subMeshCount: 0
  m_StaticBatchRoot: {fileID: 0}
  m_ProbeAnchor: {fileID: 0}
  m_LightProbeVolumeOverride: {fileID: 0}
  m_ScaleInLightmap: 1
  m_ReceiveGI: 1
  m_PreserveUVs: 0
  m_IgnoreNormalsForChartDetection: 0
  m_ImportantGI: 0
  m_StitchLightmapSeams: 1
  m_SelectedEditorRenderState: 3
  m_MinimumChartSize: 4
  m_AutoUVMaxDistance: 0.5
  m_AutoUVMaxAngle: 89
  m_LightmapParameters: {fileID: 0}
  m_SortingLayerID: 0
  m_SortingLayer: 0
  m_SortingOrder: 0
--- !u!33 &828858632
MeshFilter:
  m_ObjectHideFlags: 0
  m_CorrespondingSourceObject: {fileID: 0}
  m_PrefabInstance: {fileID: 0}
  m_PrefabAsset: {fileID: 0}
  m_GameObject: {fileID: 828858629}
  m_Mesh: {fileID: 10202, guid: 0000000000000000e000000000000000, type: 0}
--- !u!4 &828858633
Transform:
  m_ObjectHideFlags: 0
  m_CorrespondingSourceObject: {fileID: 0}
  m_PrefabInstance: {fileID: 0}
  m_PrefabAsset: {fileID: 0}
  m_GameObject: {fileID: 828858629}
  m_LocalRotation: {x: 0, y: 0, z: 0, w: 1}
  m_LocalPosition: {x: 0, y: 0, z: 4980}
  m_LocalScale: {x: 15, y: 1, z: 10000}
  m_Children: []
  m_Father: {fileID: 0}
  m_RootOrder: 3
  m_LocalEulerAnglesHint: {x: 0, y: 0, z: 0}
--- !u!1001 &864850312
PrefabInstance:
  m_ObjectHideFlags: 0
  serializedVersion: 2
  m_Modification:
    m_TransformParent: {fileID: 1509184762}
    m_Modifications:
    - target: {fileID: 7621964772093228073, guid: 09fb61748db753f499a4ff93f5cdb2f2,
        type: 3}
      propertyPath: m_Name
      value: Obstcale (5)
      objectReference: {fileID: 0}
    - target: {fileID: 7621964772093228074, guid: 09fb61748db753f499a4ff93f5cdb2f2,
        type: 3}
      propertyPath: m_Materials.Array.data[0]
      value: 
      objectReference: {fileID: 2100000, guid: 1bfe3572d9ddaaa419ac521bf9b761db, type: 2}
    - target: {fileID: 7621964772093228076, guid: 09fb61748db753f499a4ff93f5cdb2f2,
        type: 3}
      propertyPath: m_RootOrder
      value: 5
      objectReference: {fileID: 0}
    - target: {fileID: 7621964772093228076, guid: 09fb61748db753f499a4ff93f5cdb2f2,
        type: 3}
      propertyPath: m_LocalPosition.x
      value: -61.1
      objectReference: {fileID: 0}
    - target: {fileID: 7621964772093228076, guid: 09fb61748db753f499a4ff93f5cdb2f2,
        type: 3}
      propertyPath: m_LocalPosition.y
      value: -16.78685
      objectReference: {fileID: 0}
    - target: {fileID: 7621964772093228076, guid: 09fb61748db753f499a4ff93f5cdb2f2,
        type: 3}
      propertyPath: m_LocalPosition.z
      value: -210.8
      objectReference: {fileID: 0}
    - target: {fileID: 7621964772093228076, guid: 09fb61748db753f499a4ff93f5cdb2f2,
        type: 3}
      propertyPath: m_LocalRotation.w
      value: 1
      objectReference: {fileID: 0}
    - target: {fileID: 7621964772093228076, guid: 09fb61748db753f499a4ff93f5cdb2f2,
        type: 3}
      propertyPath: m_LocalRotation.x
      value: -0
      objectReference: {fileID: 0}
    - target: {fileID: 7621964772093228076, guid: 09fb61748db753f499a4ff93f5cdb2f2,
        type: 3}
      propertyPath: m_LocalRotation.y
      value: -0
      objectReference: {fileID: 0}
    - target: {fileID: 7621964772093228076, guid: 09fb61748db753f499a4ff93f5cdb2f2,
        type: 3}
      propertyPath: m_LocalRotation.z
      value: -0
      objectReference: {fileID: 0}
    - target: {fileID: 7621964772093228076, guid: 09fb61748db753f499a4ff93f5cdb2f2,
        type: 3}
      propertyPath: m_LocalEulerAnglesHint.x
      value: 0
      objectReference: {fileID: 0}
    - target: {fileID: 7621964772093228076, guid: 09fb61748db753f499a4ff93f5cdb2f2,
        type: 3}
      propertyPath: m_LocalEulerAnglesHint.y
      value: 0
      objectReference: {fileID: 0}
    - target: {fileID: 7621964772093228076, guid: 09fb61748db753f499a4ff93f5cdb2f2,
        type: 3}
      propertyPath: m_LocalEulerAnglesHint.z
      value: 0
      objectReference: {fileID: 0}
    m_RemovedComponents: []
  m_SourcePrefab: {fileID: 100100000, guid: 09fb61748db753f499a4ff93f5cdb2f2, type: 3}
--- !u!4 &864850313 stripped
Transform:
  m_CorrespondingSourceObject: {fileID: 7621964772093228076, guid: 09fb61748db753f499a4ff93f5cdb2f2,
    type: 3}
  m_PrefabInstance: {fileID: 864850312}
  m_PrefabAsset: {fileID: 0}
--- !u!1 &915173167
GameObject:
  m_ObjectHideFlags: 0
  m_CorrespondingSourceObject: {fileID: 0}
  m_PrefabInstance: {fileID: 0}
  m_PrefabAsset: {fileID: 0}
  serializedVersion: 6
  m_Component:
  - component: {fileID: 915173170}
  - component: {fileID: 915173169}
  - component: {fileID: 915173168}
  m_Layer: 0
  m_Name: EventSystem
  m_TagString: Untagged
  m_Icon: {fileID: 0}
  m_NavMeshLayer: 0
  m_StaticEditorFlags: 0
  m_IsActive: 1
--- !u!114 &915173168
MonoBehaviour:
  m_ObjectHideFlags: 0
  m_CorrespondingSourceObject: {fileID: 0}
  m_PrefabInstance: {fileID: 0}
  m_PrefabAsset: {fileID: 0}
  m_GameObject: {fileID: 915173167}
  m_Enabled: 1
  m_EditorHideFlags: 0
  m_Script: {fileID: 11500000, guid: 4f231c4fb786f3946a6b90b886c48677, type: 3}
  m_Name: 
  m_EditorClassIdentifier: 
  m_HorizontalAxis: Horizontal
  m_VerticalAxis: Vertical
  m_SubmitButton: Submit
  m_CancelButton: Cancel
  m_InputActionsPerSecond: 10
  m_RepeatDelay: 0.5
  m_ForceModuleActive: 0
--- !u!114 &915173169
MonoBehaviour:
  m_ObjectHideFlags: 0
  m_CorrespondingSourceObject: {fileID: 0}
  m_PrefabInstance: {fileID: 0}
  m_PrefabAsset: {fileID: 0}
  m_GameObject: {fileID: 915173167}
  m_Enabled: 1
  m_EditorHideFlags: 0
  m_Script: {fileID: 11500000, guid: 76c392e42b5098c458856cdf6ecaaaa1, type: 3}
  m_Name: 
  m_EditorClassIdentifier: 
  m_FirstSelected: {fileID: 0}
  m_sendNavigationEvents: 1
  m_DragThreshold: 10
--- !u!4 &915173170
Transform:
  m_ObjectHideFlags: 0
  m_CorrespondingSourceObject: {fileID: 0}
  m_PrefabInstance: {fileID: 0}
  m_PrefabAsset: {fileID: 0}
  m_GameObject: {fileID: 915173167}
  m_LocalRotation: {x: 0, y: 0, z: 0, w: 1}
  m_LocalPosition: {x: 0, y: 0, z: 0}
  m_LocalScale: {x: 1, y: 1, z: 1}
  m_Children: []
  m_Father: {fileID: 0}
  m_RootOrder: 6
  m_LocalEulerAnglesHint: {x: 0, y: 0, z: 0}
--- !u!1001 &940936089
PrefabInstance:
  m_ObjectHideFlags: 0
  serializedVersion: 2
  m_Modification:
    m_TransformParent: {fileID: 1509184762}
    m_Modifications:
    - target: {fileID: 7621964772093228073, guid: 09fb61748db753f499a4ff93f5cdb2f2,
        type: 3}
      propertyPath: m_Name
      value: Obstcale (4)
      objectReference: {fileID: 0}
    - target: {fileID: 7621964772093228074, guid: 09fb61748db753f499a4ff93f5cdb2f2,
        type: 3}
      propertyPath: m_Materials.Array.data[0]
      value: 
      objectReference: {fileID: 2100000, guid: 1bfe3572d9ddaaa419ac521bf9b761db, type: 2}
    - target: {fileID: 7621964772093228076, guid: 09fb61748db753f499a4ff93f5cdb2f2,
        type: 3}
      propertyPath: m_RootOrder
      value: 4
      objectReference: {fileID: 0}
    - target: {fileID: 7621964772093228076, guid: 09fb61748db753f499a4ff93f5cdb2f2,
        type: 3}
      propertyPath: m_LocalPosition.x
      value: -59.1
      objectReference: {fileID: 0}
    - target: {fileID: 7621964772093228076, guid: 09fb61748db753f499a4ff93f5cdb2f2,
        type: 3}
      propertyPath: m_LocalPosition.y
      value: -16.78685
      objectReference: {fileID: 0}
    - target: {fileID: 7621964772093228076, guid: 09fb61748db753f499a4ff93f5cdb2f2,
        type: 3}
      propertyPath: m_LocalPosition.z
      value: -210.8
      objectReference: {fileID: 0}
    - target: {fileID: 7621964772093228076, guid: 09fb61748db753f499a4ff93f5cdb2f2,
        type: 3}
      propertyPath: m_LocalRotation.w
      value: 1
      objectReference: {fileID: 0}
    - target: {fileID: 7621964772093228076, guid: 09fb61748db753f499a4ff93f5cdb2f2,
        type: 3}
      propertyPath: m_LocalRotation.x
      value: -0
      objectReference: {fileID: 0}
    - target: {fileID: 7621964772093228076, guid: 09fb61748db753f499a4ff93f5cdb2f2,
        type: 3}
      propertyPath: m_LocalRotation.y
      value: -0
      objectReference: {fileID: 0}
    - target: {fileID: 7621964772093228076, guid: 09fb61748db753f499a4ff93f5cdb2f2,
        type: 3}
      propertyPath: m_LocalRotation.z
      value: -0
      objectReference: {fileID: 0}
    - target: {fileID: 7621964772093228076, guid: 09fb61748db753f499a4ff93f5cdb2f2,
        type: 3}
      propertyPath: m_LocalEulerAnglesHint.x
      value: 0
      objectReference: {fileID: 0}
    - target: {fileID: 7621964772093228076, guid: 09fb61748db753f499a4ff93f5cdb2f2,
        type: 3}
      propertyPath: m_LocalEulerAnglesHint.y
      value: 0
      objectReference: {fileID: 0}
    - target: {fileID: 7621964772093228076, guid: 09fb61748db753f499a4ff93f5cdb2f2,
        type: 3}
      propertyPath: m_LocalEulerAnglesHint.z
      value: 0
      objectReference: {fileID: 0}
    m_RemovedComponents: []
  m_SourcePrefab: {fileID: 100100000, guid: 09fb61748db753f499a4ff93f5cdb2f2, type: 3}
--- !u!4 &940936090 stripped
Transform:
  m_CorrespondingSourceObject: {fileID: 7621964772093228076, guid: 09fb61748db753f499a4ff93f5cdb2f2,
    type: 3}
  m_PrefabInstance: {fileID: 940936089}
  m_PrefabAsset: {fileID: 0}
--- !u!114 &991591594 stripped
MonoBehaviour:
  m_CorrespondingSourceObject: {fileID: 6892414023481331663, guid: e14074d9163915c47bda92ea32447433,
    type: 3}
  m_PrefabInstance: {fileID: 6892414023063368549}
  m_PrefabAsset: {fileID: 0}
  m_GameObject: {fileID: 0}
  m_Enabled: 1
  m_EditorHideFlags: 0
  m_Script: {fileID: 11500000, guid: 09c3992e380ca49449ec542029975c5d, type: 3}
  m_Name: 
  m_EditorClassIdentifier: 
--- !u!1 &1105896672 stripped
GameObject:
  m_CorrespondingSourceObject: {fileID: 4525920380803216248, guid: f22fc1be4c29b254aa965992675d2cbc,
    type: 3}
  m_PrefabInstance: {fileID: 4525920379714361240}
  m_PrefabAsset: {fileID: 0}
--- !u!1001 &1273509377
PrefabInstance:
  m_ObjectHideFlags: 0
  serializedVersion: 2
  m_Modification:
    m_TransformParent: {fileID: 1509184762}
    m_Modifications:
    - target: {fileID: 7621964772093228073, guid: 09fb61748db753f499a4ff93f5cdb2f2,
        type: 3}
      propertyPath: m_Name
      value: Obstcale (15)
      objectReference: {fileID: 0}
    - target: {fileID: 7621964772093228074, guid: 09fb61748db753f499a4ff93f5cdb2f2,
        type: 3}
      propertyPath: m_Materials.Array.data[0]
      value: 
      objectReference: {fileID: 2100000, guid: 1bfe3572d9ddaaa419ac521bf9b761db, type: 2}
    - target: {fileID: 7621964772093228076, guid: 09fb61748db753f499a4ff93f5cdb2f2,
        type: 3}
      propertyPath: m_RootOrder
      value: 15
      objectReference: {fileID: 0}
    - target: {fileID: 7621964772093228076, guid: 09fb61748db753f499a4ff93f5cdb2f2,
        type: 3}
      propertyPath: m_LocalPosition.x
      value: -65.1
      objectReference: {fileID: 0}
    - target: {fileID: 7621964772093228076, guid: 09fb61748db753f499a4ff93f5cdb2f2,
        type: 3}
      propertyPath: m_LocalPosition.y
      value: -16.78685
      objectReference: {fileID: 0}
    - target: {fileID: 7621964772093228076, guid: 09fb61748db753f499a4ff93f5cdb2f2,
        type: 3}
      propertyPath: m_LocalPosition.z
      value: -84.39999
      objectReference: {fileID: 0}
    - target: {fileID: 7621964772093228076, guid: 09fb61748db753f499a4ff93f5cdb2f2,
        type: 3}
      propertyPath: m_LocalRotation.w
      value: 1
      objectReference: {fileID: 0}
    - target: {fileID: 7621964772093228076, guid: 09fb61748db753f499a4ff93f5cdb2f2,
        type: 3}
      propertyPath: m_LocalRotation.x
      value: -0
      objectReference: {fileID: 0}
    - target: {fileID: 7621964772093228076, guid: 09fb61748db753f499a4ff93f5cdb2f2,
        type: 3}
      propertyPath: m_LocalRotation.y
      value: -0
      objectReference: {fileID: 0}
    - target: {fileID: 7621964772093228076, guid: 09fb61748db753f499a4ff93f5cdb2f2,
        type: 3}
      propertyPath: m_LocalRotation.z
      value: -0
      objectReference: {fileID: 0}
    - target: {fileID: 7621964772093228076, guid: 09fb61748db753f499a4ff93f5cdb2f2,
        type: 3}
      propertyPath: m_LocalEulerAnglesHint.x
      value: 0
      objectReference: {fileID: 0}
    - target: {fileID: 7621964772093228076, guid: 09fb61748db753f499a4ff93f5cdb2f2,
        type: 3}
      propertyPath: m_LocalEulerAnglesHint.y
      value: 0
      objectReference: {fileID: 0}
    - target: {fileID: 7621964772093228076, guid: 09fb61748db753f499a4ff93f5cdb2f2,
        type: 3}
      propertyPath: m_LocalEulerAnglesHint.z
      value: 0
      objectReference: {fileID: 0}
    m_RemovedComponents: []
  m_SourcePrefab: {fileID: 100100000, guid: 09fb61748db753f499a4ff93f5cdb2f2, type: 3}
--- !u!4 &1273509378 stripped
Transform:
  m_CorrespondingSourceObject: {fileID: 7621964772093228076, guid: 09fb61748db753f499a4ff93f5cdb2f2,
    type: 3}
  m_PrefabInstance: {fileID: 1273509377}
  m_PrefabAsset: {fileID: 0}
--- !u!1001 &1487962524
PrefabInstance:
  m_ObjectHideFlags: 0
  serializedVersion: 2
  m_Modification:
    m_TransformParent: {fileID: 1509184762}
    m_Modifications:
    - target: {fileID: 7621964772093228073, guid: 09fb61748db753f499a4ff93f5cdb2f2,
        type: 3}
      propertyPath: m_Name
      value: Obstcale (9)
      objectReference: {fileID: 0}
    - target: {fileID: 7621964772093228074, guid: 09fb61748db753f499a4ff93f5cdb2f2,
        type: 3}
      propertyPath: m_Materials.Array.data[0]
      value: 
      objectReference: {fileID: 2100000, guid: 1bfe3572d9ddaaa419ac521bf9b761db, type: 2}
    - target: {fileID: 7621964772093228076, guid: 09fb61748db753f499a4ff93f5cdb2f2,
        type: 3}
      propertyPath: m_RootOrder
      value: 9
      objectReference: {fileID: 0}
    - target: {fileID: 7621964772093228076, guid: 09fb61748db753f499a4ff93f5cdb2f2,
        type: 3}
      propertyPath: m_LocalPosition.x
      value: -57.1
      objectReference: {fileID: 0}
    - target: {fileID: 7621964772093228076, guid: 09fb61748db753f499a4ff93f5cdb2f2,
        type: 3}
      propertyPath: m_LocalPosition.y
      value: -16.78685
      objectReference: {fileID: 0}
    - target: {fileID: 7621964772093228076, guid: 09fb61748db753f499a4ff93f5cdb2f2,
        type: 3}
      propertyPath: m_LocalPosition.z
      value: -156.2
      objectReference: {fileID: 0}
    - target: {fileID: 7621964772093228076, guid: 09fb61748db753f499a4ff93f5cdb2f2,
        type: 3}
      propertyPath: m_LocalRotation.w
      value: 1
      objectReference: {fileID: 0}
    - target: {fileID: 7621964772093228076, guid: 09fb61748db753f499a4ff93f5cdb2f2,
        type: 3}
      propertyPath: m_LocalRotation.x
      value: -0
      objectReference: {fileID: 0}
    - target: {fileID: 7621964772093228076, guid: 09fb61748db753f499a4ff93f5cdb2f2,
        type: 3}
      propertyPath: m_LocalRotation.y
      value: -0
      objectReference: {fileID: 0}
    - target: {fileID: 7621964772093228076, guid: 09fb61748db753f499a4ff93f5cdb2f2,
        type: 3}
      propertyPath: m_LocalRotation.z
      value: -0
      objectReference: {fileID: 0}
    - target: {fileID: 7621964772093228076, guid: 09fb61748db753f499a4ff93f5cdb2f2,
        type: 3}
      propertyPath: m_LocalEulerAnglesHint.x
      value: 0
      objectReference: {fileID: 0}
    - target: {fileID: 7621964772093228076, guid: 09fb61748db753f499a4ff93f5cdb2f2,
        type: 3}
      propertyPath: m_LocalEulerAnglesHint.y
      value: 0
      objectReference: {fileID: 0}
    - target: {fileID: 7621964772093228076, guid: 09fb61748db753f499a4ff93f5cdb2f2,
        type: 3}
      propertyPath: m_LocalEulerAnglesHint.z
      value: 0
      objectReference: {fileID: 0}
    m_RemovedComponents: []
  m_SourcePrefab: {fileID: 100100000, guid: 09fb61748db753f499a4ff93f5cdb2f2, type: 3}
--- !u!4 &1487962525 stripped
Transform:
  m_CorrespondingSourceObject: {fileID: 7621964772093228076, guid: 09fb61748db753f499a4ff93f5cdb2f2,
    type: 3}
  m_PrefabInstance: {fileID: 1487962524}
  m_PrefabAsset: {fileID: 0}
--- !u!1 &1509184761
GameObject:
  m_ObjectHideFlags: 0
  m_CorrespondingSourceObject: {fileID: 0}
  m_PrefabInstance: {fileID: 0}
  m_PrefabAsset: {fileID: 0}
  serializedVersion: 6
  m_Component:
  - component: {fileID: 1509184762}
  m_Layer: 0
  m_Name: Obstcales
  m_TagString: Untagged
  m_Icon: {fileID: 0}
  m_NavMeshLayer: 0
  m_StaticEditorFlags: 0
  m_IsActive: 1
--- !u!4 &1509184762
Transform:
  m_ObjectHideFlags: 0
  m_CorrespondingSourceObject: {fileID: 0}
  m_PrefabInstance: {fileID: 0}
  m_PrefabAsset: {fileID: 0}
  m_GameObject: {fileID: 1509184761}
  m_LocalRotation: {x: 0, y: 0, z: 0, w: 1}
  m_LocalPosition: {x: 63.109875, y: 17.78685, z: 350.3284}
  m_LocalScale: {x: 1, y: 1, z: 1}
  m_Children:
  - {fileID: 714888444}
  - {fileID: 1803733478}
  - {fileID: 48668096}
  - {fileID: 126845305}
  - {fileID: 940936090}
  - {fileID: 864850313}
  - {fileID: 1776383994}
  - {fileID: 1678510059}
  - {fileID: 486373046}
  - {fileID: 1487962525}
  - {fileID: 563067196}
  - {fileID: 1653585806}
  - {fileID: 2070998399}
  - {fileID: 266868275}
  - {fileID: 325959917}
  - {fileID: 1273509378}
  - {fileID: 573932698}
  - {fileID: 1980384042}
  m_Father: {fileID: 0}
  m_RootOrder: 4
  m_LocalEulerAnglesHint: {x: 0, y: 0, z: 0}
--- !u!1001 &1653585805
PrefabInstance:
  m_ObjectHideFlags: 0
  serializedVersion: 2
  m_Modification:
    m_TransformParent: {fileID: 1509184762}
    m_Modifications:
    - target: {fileID: 7621964772093228073, guid: 09fb61748db753f499a4ff93f5cdb2f2,
        type: 3}
      propertyPath: m_Name
      value: Obstcale (11)
      objectReference: {fileID: 0}
    - target: {fileID: 7621964772093228074, guid: 09fb61748db753f499a4ff93f5cdb2f2,
        type: 3}
      propertyPath: m_Materials.Array.data[0]
      value: 
      objectReference: {fileID: 2100000, guid: 1bfe3572d9ddaaa419ac521bf9b761db, type: 2}
    - target: {fileID: 7621964772093228076, guid: 09fb61748db753f499a4ff93f5cdb2f2,
        type: 3}
      propertyPath: m_RootOrder
      value: 11
      objectReference: {fileID: 0}
    - target: {fileID: 7621964772093228076, guid: 09fb61748db753f499a4ff93f5cdb2f2,
        type: 3}
      propertyPath: m_LocalPosition.x
      value: -61.1
      objectReference: {fileID: 0}
    - target: {fileID: 7621964772093228076, guid: 09fb61748db753f499a4ff93f5cdb2f2,
        type: 3}
      propertyPath: m_LocalPosition.y
      value: -16.78685
      objectReference: {fileID: 0}
    - target: {fileID: 7621964772093228076, guid: 09fb61748db753f499a4ff93f5cdb2f2,
        type: 3}
      propertyPath: m_LocalPosition.z
      value: -156.2
      objectReference: {fileID: 0}
    - target: {fileID: 7621964772093228076, guid: 09fb61748db753f499a4ff93f5cdb2f2,
        type: 3}
      propertyPath: m_LocalRotation.w
      value: 1
      objectReference: {fileID: 0}
    - target: {fileID: 7621964772093228076, guid: 09fb61748db753f499a4ff93f5cdb2f2,
        type: 3}
      propertyPath: m_LocalRotation.x
      value: -0
      objectReference: {fileID: 0}
    - target: {fileID: 7621964772093228076, guid: 09fb61748db753f499a4ff93f5cdb2f2,
        type: 3}
      propertyPath: m_LocalRotation.y
      value: -0
      objectReference: {fileID: 0}
    - target: {fileID: 7621964772093228076, guid: 09fb61748db753f499a4ff93f5cdb2f2,
        type: 3}
      propertyPath: m_LocalRotation.z
      value: -0
      objectReference: {fileID: 0}
    - target: {fileID: 7621964772093228076, guid: 09fb61748db753f499a4ff93f5cdb2f2,
        type: 3}
      propertyPath: m_LocalEulerAnglesHint.x
      value: 0
      objectReference: {fileID: 0}
    - target: {fileID: 7621964772093228076, guid: 09fb61748db753f499a4ff93f5cdb2f2,
        type: 3}
      propertyPath: m_LocalEulerAnglesHint.y
      value: 0
      objectReference: {fileID: 0}
    - target: {fileID: 7621964772093228076, guid: 09fb61748db753f499a4ff93f5cdb2f2,
        type: 3}
      propertyPath: m_LocalEulerAnglesHint.z
      value: 0
      objectReference: {fileID: 0}
    m_RemovedComponents: []
  m_SourcePrefab: {fileID: 100100000, guid: 09fb61748db753f499a4ff93f5cdb2f2, type: 3}
--- !u!4 &1653585806 stripped
Transform:
  m_CorrespondingSourceObject: {fileID: 7621964772093228076, guid: 09fb61748db753f499a4ff93f5cdb2f2,
    type: 3}
  m_PrefabInstance: {fileID: 1653585805}
  m_PrefabAsset: {fileID: 0}
--- !u!1001 &1657529568
PrefabInstance:
  m_ObjectHideFlags: 0
  serializedVersion: 2
  m_Modification:
    m_TransformParent: {fileID: 0}
    m_Modifications:
    - target: {fileID: 8052355159679958656, guid: 7d7a6fd8c0c8a4040a9bfa27020fbef4,
        type: 3}
      propertyPath: m_Name
      value: Player
      objectReference: {fileID: 0}
    - target: {fileID: 8052355159679958667, guid: 7d7a6fd8c0c8a4040a9bfa27020fbef4,
        type: 3}
      propertyPath: m_RootOrder
      value: 7
      objectReference: {fileID: 0}
    - target: {fileID: 8052355159679958667, guid: 7d7a6fd8c0c8a4040a9bfa27020fbef4,
        type: 3}
      propertyPath: m_LocalPosition.x
      value: 0
      objectReference: {fileID: 0}
    - target: {fileID: 8052355159679958667, guid: 7d7a6fd8c0c8a4040a9bfa27020fbef4,
        type: 3}
      propertyPath: m_LocalPosition.y
      value: 1
      objectReference: {fileID: 0}
    - target: {fileID: 8052355159679958667, guid: 7d7a6fd8c0c8a4040a9bfa27020fbef4,
        type: 3}
      propertyPath: m_LocalPosition.z
      value: 0
      objectReference: {fileID: 0}
    - target: {fileID: 8052355159679958667, guid: 7d7a6fd8c0c8a4040a9bfa27020fbef4,
        type: 3}
      propertyPath: m_LocalRotation.w
      value: 1
      objectReference: {fileID: 0}
    - target: {fileID: 8052355159679958667, guid: 7d7a6fd8c0c8a4040a9bfa27020fbef4,
        type: 3}
      propertyPath: m_LocalRotation.x
      value: 0
      objectReference: {fileID: 0}
    - target: {fileID: 8052355159679958667, guid: 7d7a6fd8c0c8a4040a9bfa27020fbef4,
        type: 3}
      propertyPath: m_LocalRotation.y
      value: 0
      objectReference: {fileID: 0}
    - target: {fileID: 8052355159679958667, guid: 7d7a6fd8c0c8a4040a9bfa27020fbef4,
        type: 3}
      propertyPath: m_LocalRotation.z
      value: 0
      objectReference: {fileID: 0}
    - target: {fileID: 8052355159679958667, guid: 7d7a6fd8c0c8a4040a9bfa27020fbef4,
        type: 3}
      propertyPath: m_LocalEulerAnglesHint.x
      value: 0
      objectReference: {fileID: 0}
    - target: {fileID: 8052355159679958667, guid: 7d7a6fd8c0c8a4040a9bfa27020fbef4,
        type: 3}
      propertyPath: m_LocalEulerAnglesHint.y
      value: 0
      objectReference: {fileID: 0}
    - target: {fileID: 8052355159679958667, guid: 7d7a6fd8c0c8a4040a9bfa27020fbef4,
        type: 3}
      propertyPath: m_LocalEulerAnglesHint.z
      value: 0
      objectReference: {fileID: 0}
    m_RemovedComponents: []
  m_SourcePrefab: {fileID: 100100000, guid: 7d7a6fd8c0c8a4040a9bfa27020fbef4, type: 3}
--- !u!1001 &1678510058
PrefabInstance:
  m_ObjectHideFlags: 0
  serializedVersion: 2
  m_Modification:
    m_TransformParent: {fileID: 1509184762}
    m_Modifications:
    - target: {fileID: 7621964772093228073, guid: 09fb61748db753f499a4ff93f5cdb2f2,
        type: 3}
      propertyPath: m_Name
      value: Obstcale (7)
      objectReference: {fileID: 0}
    - target: {fileID: 7621964772093228074, guid: 09fb61748db753f499a4ff93f5cdb2f2,
        type: 3}
      propertyPath: m_Materials.Array.data[0]
      value: 
      objectReference: {fileID: 2100000, guid: 1bfe3572d9ddaaa419ac521bf9b761db, type: 2}
    - target: {fileID: 7621964772093228076, guid: 09fb61748db753f499a4ff93f5cdb2f2,
        type: 3}
      propertyPath: m_RootOrder
      value: 7
      objectReference: {fileID: 0}
    - target: {fileID: 7621964772093228076, guid: 09fb61748db753f499a4ff93f5cdb2f2,
        type: 3}
      propertyPath: m_LocalPosition.x
      value: -67.1
      objectReference: {fileID: 0}
    - target: {fileID: 7621964772093228076, guid: 09fb61748db753f499a4ff93f5cdb2f2,
        type: 3}
      propertyPath: m_LocalPosition.y
      value: -16.78685
      objectReference: {fileID: 0}
    - target: {fileID: 7621964772093228076, guid: 09fb61748db753f499a4ff93f5cdb2f2,
        type: 3}
      propertyPath: m_LocalPosition.z
      value: -188.8
      objectReference: {fileID: 0}
    - target: {fileID: 7621964772093228076, guid: 09fb61748db753f499a4ff93f5cdb2f2,
        type: 3}
      propertyPath: m_LocalRotation.w
      value: 1
      objectReference: {fileID: 0}
    - target: {fileID: 7621964772093228076, guid: 09fb61748db753f499a4ff93f5cdb2f2,
        type: 3}
      propertyPath: m_LocalRotation.x
      value: -0
      objectReference: {fileID: 0}
    - target: {fileID: 7621964772093228076, guid: 09fb61748db753f499a4ff93f5cdb2f2,
        type: 3}
      propertyPath: m_LocalRotation.y
      value: -0
      objectReference: {fileID: 0}
    - target: {fileID: 7621964772093228076, guid: 09fb61748db753f499a4ff93f5cdb2f2,
        type: 3}
      propertyPath: m_LocalRotation.z
      value: -0
      objectReference: {fileID: 0}
    - target: {fileID: 7621964772093228076, guid: 09fb61748db753f499a4ff93f5cdb2f2,
        type: 3}
      propertyPath: m_LocalEulerAnglesHint.x
      value: 0
      objectReference: {fileID: 0}
    - target: {fileID: 7621964772093228076, guid: 09fb61748db753f499a4ff93f5cdb2f2,
        type: 3}
      propertyPath: m_LocalEulerAnglesHint.y
      value: 0
      objectReference: {fileID: 0}
    - target: {fileID: 7621964772093228076, guid: 09fb61748db753f499a4ff93f5cdb2f2,
        type: 3}
      propertyPath: m_LocalEulerAnglesHint.z
      value: 0
      objectReference: {fileID: 0}
    m_RemovedComponents: []
  m_SourcePrefab: {fileID: 100100000, guid: 09fb61748db753f499a4ff93f5cdb2f2, type: 3}
--- !u!4 &1678510059 stripped
Transform:
  m_CorrespondingSourceObject: {fileID: 7621964772093228076, guid: 09fb61748db753f499a4ff93f5cdb2f2,
    type: 3}
  m_PrefabInstance: {fileID: 1678510058}
  m_PrefabAsset: {fileID: 0}
--- !u!1001 &1776383993
PrefabInstance:
  m_ObjectHideFlags: 0
  serializedVersion: 2
  m_Modification:
    m_TransformParent: {fileID: 1509184762}
    m_Modifications:
    - target: {fileID: 7621964772093228073, guid: 09fb61748db753f499a4ff93f5cdb2f2,
        type: 3}
      propertyPath: m_Name
      value: Obstcale (6)
      objectReference: {fileID: 0}
    - target: {fileID: 7621964772093228074, guid: 09fb61748db753f499a4ff93f5cdb2f2,
        type: 3}
      propertyPath: m_Materials.Array.data[0]
      value: 
      objectReference: {fileID: 2100000, guid: 1bfe3572d9ddaaa419ac521bf9b761db, type: 2}
    - target: {fileID: 7621964772093228076, guid: 09fb61748db753f499a4ff93f5cdb2f2,
        type: 3}
      propertyPath: m_RootOrder
      value: 6
      objectReference: {fileID: 0}
    - target: {fileID: 7621964772093228076, guid: 09fb61748db753f499a4ff93f5cdb2f2,
        type: 3}
      propertyPath: m_LocalPosition.x
      value: -65.1
      objectReference: {fileID: 0}
    - target: {fileID: 7621964772093228076, guid: 09fb61748db753f499a4ff93f5cdb2f2,
        type: 3}
      propertyPath: m_LocalPosition.y
      value: -16.78685
      objectReference: {fileID: 0}
    - target: {fileID: 7621964772093228076, guid: 09fb61748db753f499a4ff93f5cdb2f2,
        type: 3}
      propertyPath: m_LocalPosition.z
      value: -188.8
      objectReference: {fileID: 0}
    - target: {fileID: 7621964772093228076, guid: 09fb61748db753f499a4ff93f5cdb2f2,
        type: 3}
      propertyPath: m_LocalRotation.w
      value: 1
      objectReference: {fileID: 0}
    - target: {fileID: 7621964772093228076, guid: 09fb61748db753f499a4ff93f5cdb2f2,
        type: 3}
      propertyPath: m_LocalRotation.x
      value: -0
      objectReference: {fileID: 0}
    - target: {fileID: 7621964772093228076, guid: 09fb61748db753f499a4ff93f5cdb2f2,
        type: 3}
      propertyPath: m_LocalRotation.y
      value: -0
      objectReference: {fileID: 0}
    - target: {fileID: 7621964772093228076, guid: 09fb61748db753f499a4ff93f5cdb2f2,
        type: 3}
      propertyPath: m_LocalRotation.z
      value: -0
      objectReference: {fileID: 0}
    - target: {fileID: 7621964772093228076, guid: 09fb61748db753f499a4ff93f5cdb2f2,
        type: 3}
      propertyPath: m_LocalEulerAnglesHint.x
      value: 0
      objectReference: {fileID: 0}
    - target: {fileID: 7621964772093228076, guid: 09fb61748db753f499a4ff93f5cdb2f2,
        type: 3}
      propertyPath: m_LocalEulerAnglesHint.y
      value: 0
      objectReference: {fileID: 0}
    - target: {fileID: 7621964772093228076, guid: 09fb61748db753f499a4ff93f5cdb2f2,
        type: 3}
      propertyPath: m_LocalEulerAnglesHint.z
      value: 0
      objectReference: {fileID: 0}
    m_RemovedComponents: []
  m_SourcePrefab: {fileID: 100100000, guid: 09fb61748db753f499a4ff93f5cdb2f2, type: 3}
--- !u!4 &1776383994 stripped
Transform:
  m_CorrespondingSourceObject: {fileID: 7621964772093228076, guid: 09fb61748db753f499a4ff93f5cdb2f2,
    type: 3}
  m_PrefabInstance: {fileID: 1776383993}
  m_PrefabAsset: {fileID: 0}
--- !u!1001 &1803733477
PrefabInstance:
  m_ObjectHideFlags: 0
  serializedVersion: 2
  m_Modification:
    m_TransformParent: {fileID: 1509184762}
    m_Modifications:
    - target: {fileID: 7621964772093228073, guid: 09fb61748db753f499a4ff93f5cdb2f2,
        type: 3}
      propertyPath: m_Name
      value: Obstcale (1)
      objectReference: {fileID: 0}
    - target: {fileID: 7621964772093228074, guid: 09fb61748db753f499a4ff93f5cdb2f2,
        type: 3}
      propertyPath: m_Materials.Array.data[0]
      value: 
      objectReference: {fileID: 2100000, guid: 1bfe3572d9ddaaa419ac521bf9b761db, type: 2}
    - target: {fileID: 7621964772093228076, guid: 09fb61748db753f499a4ff93f5cdb2f2,
        type: 3}
      propertyPath: m_RootOrder
      value: 1
      objectReference: {fileID: 0}
    - target: {fileID: 7621964772093228076, guid: 09fb61748db753f499a4ff93f5cdb2f2,
        type: 3}
      propertyPath: m_LocalPosition.x
      value: -69.1
      objectReference: {fileID: 0}
    - target: {fileID: 7621964772093228076, guid: 09fb61748db753f499a4ff93f5cdb2f2,
        type: 3}
      propertyPath: m_LocalPosition.y
      value: -16.78685
      objectReference: {fileID: 0}
    - target: {fileID: 7621964772093228076, guid: 09fb61748db753f499a4ff93f5cdb2f2,
        type: 3}
      propertyPath: m_LocalPosition.z
      value: -274.8284
      objectReference: {fileID: 0}
    - target: {fileID: 7621964772093228076, guid: 09fb61748db753f499a4ff93f5cdb2f2,
        type: 3}
      propertyPath: m_LocalRotation.w
      value: 1
      objectReference: {fileID: 0}
    - target: {fileID: 7621964772093228076, guid: 09fb61748db753f499a4ff93f5cdb2f2,
        type: 3}
      propertyPath: m_LocalRotation.x
      value: -0
      objectReference: {fileID: 0}
    - target: {fileID: 7621964772093228076, guid: 09fb61748db753f499a4ff93f5cdb2f2,
        type: 3}
      propertyPath: m_LocalRotation.y
      value: -0
      objectReference: {fileID: 0}
    - target: {fileID: 7621964772093228076, guid: 09fb61748db753f499a4ff93f5cdb2f2,
        type: 3}
      propertyPath: m_LocalRotation.z
      value: -0
      objectReference: {fileID: 0}
    - target: {fileID: 7621964772093228076, guid: 09fb61748db753f499a4ff93f5cdb2f2,
        type: 3}
      propertyPath: m_LocalEulerAnglesHint.x
      value: 0
      objectReference: {fileID: 0}
    - target: {fileID: 7621964772093228076, guid: 09fb61748db753f499a4ff93f5cdb2f2,
        type: 3}
      propertyPath: m_LocalEulerAnglesHint.y
      value: 0
      objectReference: {fileID: 0}
    - target: {fileID: 7621964772093228076, guid: 09fb61748db753f499a4ff93f5cdb2f2,
        type: 3}
      propertyPath: m_LocalEulerAnglesHint.z
      value: 0
      objectReference: {fileID: 0}
    m_RemovedComponents: []
  m_SourcePrefab: {fileID: 100100000, guid: 09fb61748db753f499a4ff93f5cdb2f2, type: 3}
--- !u!4 &1803733478 stripped
Transform:
  m_CorrespondingSourceObject: {fileID: 7621964772093228076, guid: 09fb61748db753f499a4ff93f5cdb2f2,
    type: 3}
  m_PrefabInstance: {fileID: 1803733477}
  m_PrefabAsset: {fileID: 0}
--- !u!1001 &1980384041
PrefabInstance:
  m_ObjectHideFlags: 0
  serializedVersion: 2
  m_Modification:
    m_TransformParent: {fileID: 1509184762}
    m_Modifications:
    - target: {fileID: 7621964772093228073, guid: 09fb61748db753f499a4ff93f5cdb2f2,
        type: 3}
      propertyPath: m_Name
      value: Obstcale (17)
      objectReference: {fileID: 0}
    - target: {fileID: 7621964772093228074, guid: 09fb61748db753f499a4ff93f5cdb2f2,
        type: 3}
      propertyPath: m_Materials.Array.data[0]
      value: 
      objectReference: {fileID: 2100000, guid: 1bfe3572d9ddaaa419ac521bf9b761db, type: 2}
    - target: {fileID: 7621964772093228076, guid: 09fb61748db753f499a4ff93f5cdb2f2,
        type: 3}
      propertyPath: m_RootOrder
      value: 17
      objectReference: {fileID: 0}
    - target: {fileID: 7621964772093228076, guid: 09fb61748db753f499a4ff93f5cdb2f2,
        type: 3}
      propertyPath: m_LocalPosition.x
      value: -69.1
      objectReference: {fileID: 0}
    - target: {fileID: 7621964772093228076, guid: 09fb61748db753f499a4ff93f5cdb2f2,
        type: 3}
      propertyPath: m_LocalPosition.y
      value: -16.78685
      objectReference: {fileID: 0}
    - target: {fileID: 7621964772093228076, guid: 09fb61748db753f499a4ff93f5cdb2f2,
        type: 3}
      propertyPath: m_LocalPosition.z
      value: -84.399994
      objectReference: {fileID: 0}
    - target: {fileID: 7621964772093228076, guid: 09fb61748db753f499a4ff93f5cdb2f2,
        type: 3}
      propertyPath: m_LocalRotation.w
      value: 1
      objectReference: {fileID: 0}
    - target: {fileID: 7621964772093228076, guid: 09fb61748db753f499a4ff93f5cdb2f2,
        type: 3}
      propertyPath: m_LocalRotation.x
      value: -0
      objectReference: {fileID: 0}
    - target: {fileID: 7621964772093228076, guid: 09fb61748db753f499a4ff93f5cdb2f2,
        type: 3}
      propertyPath: m_LocalRotation.y
      value: -0
      objectReference: {fileID: 0}
    - target: {fileID: 7621964772093228076, guid: 09fb61748db753f499a4ff93f5cdb2f2,
        type: 3}
      propertyPath: m_LocalRotation.z
      value: -0
      objectReference: {fileID: 0}
    - target: {fileID: 7621964772093228076, guid: 09fb61748db753f499a4ff93f5cdb2f2,
        type: 3}
      propertyPath: m_LocalEulerAnglesHint.x
      value: 0
      objectReference: {fileID: 0}
    - target: {fileID: 7621964772093228076, guid: 09fb61748db753f499a4ff93f5cdb2f2,
        type: 3}
      propertyPath: m_LocalEulerAnglesHint.y
      value: 0
      objectReference: {fileID: 0}
    - target: {fileID: 7621964772093228076, guid: 09fb61748db753f499a4ff93f5cdb2f2,
        type: 3}
      propertyPath: m_LocalEulerAnglesHint.z
      value: 0
      objectReference: {fileID: 0}
    m_RemovedComponents: []
  m_SourcePrefab: {fileID: 100100000, guid: 09fb61748db753f499a4ff93f5cdb2f2, type: 3}
--- !u!4 &1980384042 stripped
Transform:
  m_CorrespondingSourceObject: {fileID: 7621964772093228076, guid: 09fb61748db753f499a4ff93f5cdb2f2,
    type: 3}
  m_PrefabInstance: {fileID: 1980384041}
  m_PrefabAsset: {fileID: 0}
--- !u!1001 &2070998398
PrefabInstance:
  m_ObjectHideFlags: 0
  serializedVersion: 2
  m_Modification:
    m_TransformParent: {fileID: 1509184762}
    m_Modifications:
    - target: {fileID: 7621964772093228073, guid: 09fb61748db753f499a4ff93f5cdb2f2,
        type: 3}
      propertyPath: m_Name
      value: Obstcale (12)
      objectReference: {fileID: 0}
    - target: {fileID: 7621964772093228074, guid: 09fb61748db753f499a4ff93f5cdb2f2,
        type: 3}
      propertyPath: m_Materials.Array.data[0]
      value: 
      objectReference: {fileID: 2100000, guid: 1bfe3572d9ddaaa419ac521bf9b761db, type: 2}
    - target: {fileID: 7621964772093228076, guid: 09fb61748db753f499a4ff93f5cdb2f2,
        type: 3}
      propertyPath: m_RootOrder
      value: 12
      objectReference: {fileID: 0}
    - target: {fileID: 7621964772093228076, guid: 09fb61748db753f499a4ff93f5cdb2f2,
        type: 3}
      propertyPath: m_LocalPosition.x
      value: -61.1
      objectReference: {fileID: 0}
    - target: {fileID: 7621964772093228076, guid: 09fb61748db753f499a4ff93f5cdb2f2,
        type: 3}
      propertyPath: m_LocalPosition.y
      value: -16.78685
      objectReference: {fileID: 0}
    - target: {fileID: 7621964772093228076, guid: 09fb61748db753f499a4ff93f5cdb2f2,
        type: 3}
      propertyPath: m_LocalPosition.z
      value: -126.600006
      objectReference: {fileID: 0}
    - target: {fileID: 7621964772093228076, guid: 09fb61748db753f499a4ff93f5cdb2f2,
        type: 3}
      propertyPath: m_LocalRotation.w
      value: 1
      objectReference: {fileID: 0}
    - target: {fileID: 7621964772093228076, guid: 09fb61748db753f499a4ff93f5cdb2f2,
        type: 3}
      propertyPath: m_LocalRotation.x
      value: -0
      objectReference: {fileID: 0}
    - target: {fileID: 7621964772093228076, guid: 09fb61748db753f499a4ff93f5cdb2f2,
        type: 3}
      propertyPath: m_LocalRotation.y
      value: -0
      objectReference: {fileID: 0}
    - target: {fileID: 7621964772093228076, guid: 09fb61748db753f499a4ff93f5cdb2f2,
        type: 3}
      propertyPath: m_LocalRotation.z
      value: -0
      objectReference: {fileID: 0}
    - target: {fileID: 7621964772093228076, guid: 09fb61748db753f499a4ff93f5cdb2f2,
        type: 3}
      propertyPath: m_LocalEulerAnglesHint.x
      value: 0
      objectReference: {fileID: 0}
    - target: {fileID: 7621964772093228076, guid: 09fb61748db753f499a4ff93f5cdb2f2,
        type: 3}
      propertyPath: m_LocalEulerAnglesHint.y
      value: 0
      objectReference: {fileID: 0}
    - target: {fileID: 7621964772093228076, guid: 09fb61748db753f499a4ff93f5cdb2f2,
        type: 3}
      propertyPath: m_LocalEulerAnglesHint.z
      value: 0
      objectReference: {fileID: 0}
    m_RemovedComponents: []
  m_SourcePrefab: {fileID: 100100000, guid: 09fb61748db753f499a4ff93f5cdb2f2, type: 3}
--- !u!4 &2070998399 stripped
Transform:
  m_CorrespondingSourceObject: {fileID: 7621964772093228076, guid: 09fb61748db753f499a4ff93f5cdb2f2,
    type: 3}
  m_PrefabInstance: {fileID: 2070998398}
  m_PrefabAsset: {fileID: 0}
--- !u!1001 &4525920379714361240
PrefabInstance:
  m_ObjectHideFlags: 0
  serializedVersion: 2
  m_Modification:
    m_TransformParent: {fileID: 0}
    m_Modifications:
    - target: {fileID: 4525920379169184336, guid: f22fc1be4c29b254aa965992675d2cbc,
        type: 3}
      propertyPath: m_Pivot.x
      value: 0
      objectReference: {fileID: 0}
    - target: {fileID: 4525920379169184336, guid: f22fc1be4c29b254aa965992675d2cbc,
        type: 3}
      propertyPath: m_Pivot.y
      value: 0
      objectReference: {fileID: 0}
    - target: {fileID: 4525920379169184336, guid: f22fc1be4c29b254aa965992675d2cbc,
        type: 3}
      propertyPath: m_RootOrder
      value: 5
      objectReference: {fileID: 0}
    - target: {fileID: 4525920379169184336, guid: f22fc1be4c29b254aa965992675d2cbc,
        type: 3}
      propertyPath: m_AnchorMax.x
      value: 0
      objectReference: {fileID: 0}
    - target: {fileID: 4525920379169184336, guid: f22fc1be4c29b254aa965992675d2cbc,
        type: 3}
      propertyPath: m_AnchorMax.y
      value: 0
      objectReference: {fileID: 0}
    - target: {fileID: 4525920379169184336, guid: f22fc1be4c29b254aa965992675d2cbc,
        type: 3}
      propertyPath: m_AnchorMin.x
      value: 0
      objectReference: {fileID: 0}
    - target: {fileID: 4525920379169184336, guid: f22fc1be4c29b254aa965992675d2cbc,
        type: 3}
      propertyPath: m_AnchorMin.y
      value: 0
      objectReference: {fileID: 0}
    - target: {fileID: 4525920379169184336, guid: f22fc1be4c29b254aa965992675d2cbc,
        type: 3}
      propertyPath: m_SizeDelta.x
      value: 0
      objectReference: {fileID: 0}
    - target: {fileID: 4525920379169184336, guid: f22fc1be4c29b254aa965992675d2cbc,
        type: 3}
      propertyPath: m_SizeDelta.y
      value: 0
      objectReference: {fileID: 0}
    - target: {fileID: 4525920379169184336, guid: f22fc1be4c29b254aa965992675d2cbc,
        type: 3}
      propertyPath: m_LocalPosition.x
      value: 0
      objectReference: {fileID: 0}
    - target: {fileID: 4525920379169184336, guid: f22fc1be4c29b254aa965992675d2cbc,
        type: 3}
      propertyPath: m_LocalPosition.y
      value: 0
      objectReference: {fileID: 0}
    - target: {fileID: 4525920379169184336, guid: f22fc1be4c29b254aa965992675d2cbc,
        type: 3}
      propertyPath: m_LocalPosition.z
      value: 0
      objectReference: {fileID: 0}
    - target: {fileID: 4525920379169184336, guid: f22fc1be4c29b254aa965992675d2cbc,
        type: 3}
      propertyPath: m_LocalRotation.w
      value: 1
      objectReference: {fileID: 0}
    - target: {fileID: 4525920379169184336, guid: f22fc1be4c29b254aa965992675d2cbc,
        type: 3}
      propertyPath: m_LocalRotation.x
      value: 0
      objectReference: {fileID: 0}
    - target: {fileID: 4525920379169184336, guid: f22fc1be4c29b254aa965992675d2cbc,
        type: 3}
      propertyPath: m_LocalRotation.y
      value: 0
      objectReference: {fileID: 0}
    - target: {fileID: 4525920379169184336, guid: f22fc1be4c29b254aa965992675d2cbc,
        type: 3}
      propertyPath: m_LocalRotation.z
      value: 0
      objectReference: {fileID: 0}
    - target: {fileID: 4525920379169184336, guid: f22fc1be4c29b254aa965992675d2cbc,
        type: 3}
      propertyPath: m_AnchoredPosition.x
      value: 0
      objectReference: {fileID: 0}
    - target: {fileID: 4525920379169184336, guid: f22fc1be4c29b254aa965992675d2cbc,
        type: 3}
      propertyPath: m_AnchoredPosition.y
      value: 0
      objectReference: {fileID: 0}
    - target: {fileID: 4525920379169184336, guid: f22fc1be4c29b254aa965992675d2cbc,
        type: 3}
      propertyPath: m_LocalEulerAnglesHint.x
      value: 0
      objectReference: {fileID: 0}
    - target: {fileID: 4525920379169184336, guid: f22fc1be4c29b254aa965992675d2cbc,
        type: 3}
      propertyPath: m_LocalEulerAnglesHint.y
      value: 0
      objectReference: {fileID: 0}
    - target: {fileID: 4525920379169184336, guid: f22fc1be4c29b254aa965992675d2cbc,
        type: 3}
      propertyPath: m_LocalEulerAnglesHint.z
      value: 0
      objectReference: {fileID: 0}
    - target: {fileID: 4525920379169184348, guid: f22fc1be4c29b254aa965992675d2cbc,
        type: 3}
      propertyPath: m_Name
      value: Canvas
      objectReference: {fileID: 0}
    - target: {fileID: 4525920379634654861, guid: f22fc1be4c29b254aa965992675d2cbc,
        type: 3}
      propertyPath: player
      value: 
      objectReference: {fileID: 713378654}
    m_RemovedComponents: []
  m_SourcePrefab: {fileID: 100100000, guid: f22fc1be4c29b254aa965992675d2cbc, type: 3}
--- !u!1001 &5927573574388274087
PrefabInstance:
  m_ObjectHideFlags: 0
  serializedVersion: 2
  m_Modification:
    m_TransformParent: {fileID: 0}
    m_Modifications:
    - target: {fileID: 5927573574231457490, guid: c65a4eafc859aef43bb4c330d31c96e5,
        type: 3}
      propertyPath: player
      value: 
      objectReference: {fileID: 713378654}
    - target: {fileID: 5927573574231457491, guid: c65a4eafc859aef43bb4c330d31c96e5,
        type: 3}
      propertyPath: m_RootOrder
      value: 1
      objectReference: {fileID: 0}
    - target: {fileID: 5927573574231457491, guid: c65a4eafc859aef43bb4c330d31c96e5,
        type: 3}
      propertyPath: m_LocalPosition.x
      value: 0
      objectReference: {fileID: 0}
    - target: {fileID: 5927573574231457491, guid: c65a4eafc859aef43bb4c330d31c96e5,
        type: 3}
      propertyPath: m_LocalPosition.y
      value: 2.29
      objectReference: {fileID: 0}
    - target: {fileID: 5927573574231457491, guid: c65a4eafc859aef43bb4c330d31c96e5,
        type: 3}
      propertyPath: m_LocalPosition.z
      value: -4.3
      objectReference: {fileID: 0}
    - target: {fileID: 5927573574231457491, guid: c65a4eafc859aef43bb4c330d31c96e5,
        type: 3}
      propertyPath: m_LocalRotation.w
      value: 1
      objectReference: {fileID: 0}
    - target: {fileID: 5927573574231457491, guid: c65a4eafc859aef43bb4c330d31c96e5,
        type: 3}
      propertyPath: m_LocalRotation.x
      value: 0
      objectReference: {fileID: 0}
    - target: {fileID: 5927573574231457491, guid: c65a4eafc859aef43bb4c330d31c96e5,
        type: 3}
      propertyPath: m_LocalRotation.y
      value: 0
      objectReference: {fileID: 0}
    - target: {fileID: 5927573574231457491, guid: c65a4eafc859aef43bb4c330d31c96e5,
        type: 3}
      propertyPath: m_LocalRotation.z
      value: 0
      objectReference: {fileID: 0}
    - target: {fileID: 5927573574231457491, guid: c65a4eafc859aef43bb4c330d31c96e5,
        type: 3}
      propertyPath: m_LocalEulerAnglesHint.x
      value: 0
      objectReference: {fileID: 0}
    - target: {fileID: 5927573574231457491, guid: c65a4eafc859aef43bb4c330d31c96e5,
        type: 3}
      propertyPath: m_LocalEulerAnglesHint.y
      value: 0
      objectReference: {fileID: 0}
    - target: {fileID: 5927573574231457491, guid: c65a4eafc859aef43bb4c330d31c96e5,
        type: 3}
      propertyPath: m_LocalEulerAnglesHint.z
      value: 0
      objectReference: {fileID: 0}
    - target: {fileID: 5927573574231457494, guid: c65a4eafc859aef43bb4c330d31c96e5,
        type: 3}
      propertyPath: m_Name
      value: Main Camera
      objectReference: {fileID: 0}
    m_RemovedComponents: []
  m_SourcePrefab: {fileID: 100100000, guid: c65a4eafc859aef43bb4c330d31c96e5, type: 3}
--- !u!1001 &6743014699997881006
PrefabInstance:
  m_ObjectHideFlags: 0
  serializedVersion: 2
  m_Modification:
    m_TransformParent: {fileID: 0}
    m_Modifications:
    - target: {fileID: 6743014700063432650, guid: 85aaa8aabd9c99b4aaf82c77354555e3,
        type: 3}
      propertyPath: m_RootOrder
      value: 8
      objectReference: {fileID: 0}
    - target: {fileID: 6743014700063432650, guid: 85aaa8aabd9c99b4aaf82c77354555e3,
        type: 3}
      propertyPath: m_LocalPosition.x
      value: 0
      objectReference: {fileID: 0}
    - target: {fileID: 6743014700063432650, guid: 85aaa8aabd9c99b4aaf82c77354555e3,
        type: 3}
      propertyPath: m_LocalPosition.y
      value: 3
      objectReference: {fileID: 0}
    - target: {fileID: 6743014700063432650, guid: 85aaa8aabd9c99b4aaf82c77354555e3,
        type: 3}
      propertyPath: m_LocalPosition.z
      value: 288.3
      objectReference: {fileID: 0}
    - target: {fileID: 6743014700063432650, guid: 85aaa8aabd9c99b4aaf82c77354555e3,
        type: 3}
      propertyPath: m_LocalRotation.w
      value: 1
      objectReference: {fileID: 0}
    - target: {fileID: 6743014700063432650, guid: 85aaa8aabd9c99b4aaf82c77354555e3,
        type: 3}
      propertyPath: m_LocalRotation.x
      value: 0
      objectReference: {fileID: 0}
    - target: {fileID: 6743014700063432650, guid: 85aaa8aabd9c99b4aaf82c77354555e3,
        type: 3}
      propertyPath: m_LocalRotation.y
      value: 0
      objectReference: {fileID: 0}
    - target: {fileID: 6743014700063432650, guid: 85aaa8aabd9c99b4aaf82c77354555e3,
        type: 3}
      propertyPath: m_LocalRotation.z
      value: 0
      objectReference: {fileID: 0}
    - target: {fileID: 6743014700063432650, guid: 85aaa8aabd9c99b4aaf82c77354555e3,
        type: 3}
      propertyPath: m_LocalEulerAnglesHint.x
      value: 0
      objectReference: {fileID: 0}
    - target: {fileID: 6743014700063432650, guid: 85aaa8aabd9c99b4aaf82c77354555e3,
        type: 3}
      propertyPath: m_LocalEulerAnglesHint.y
      value: 0
      objectReference: {fileID: 0}
    - target: {fileID: 6743014700063432650, guid: 85aaa8aabd9c99b4aaf82c77354555e3,
        type: 3}
      propertyPath: m_LocalEulerAnglesHint.z
      value: 0
      objectReference: {fileID: 0}
    - target: {fileID: 6743014700063432654, guid: 85aaa8aabd9c99b4aaf82c77354555e3,
        type: 3}
      propertyPath: gameManager
      value: 
      objectReference: {fileID: 991591594}
    - target: {fileID: 6743014700063432689, guid: 85aaa8aabd9c99b4aaf82c77354555e3,
        type: 3}
      propertyPath: m_Name
      value: END
      objectReference: {fileID: 0}
    m_RemovedComponents: []
  m_SourcePrefab: {fileID: 100100000, guid: 85aaa8aabd9c99b4aaf82c77354555e3, type: 3}
--- !u!1001 &6892414023063368549
PrefabInstance:
  m_ObjectHideFlags: 0
  serializedVersion: 2
  m_Modification:
    m_TransformParent: {fileID: 0}
    m_Modifications:
    - target: {fileID: 6892414023481331660, guid: e14074d9163915c47bda92ea32447433,
        type: 3}
      propertyPath: m_Name
      value: GameManager
      objectReference: {fileID: 0}
    - target: {fileID: 6892414023481331662, guid: e14074d9163915c47bda92ea32447433,
        type: 3}
      propertyPath: m_RootOrder
      value: 0
      objectReference: {fileID: 0}
    - target: {fileID: 6892414023481331662, guid: e14074d9163915c47bda92ea32447433,
        type: 3}
      propertyPath: m_LocalPosition.x
      value: 0
      objectReference: {fileID: 0}
    - target: {fileID: 6892414023481331662, guid: e14074d9163915c47bda92ea32447433,
        type: 3}
      propertyPath: m_LocalPosition.y
      value: 0
      objectReference: {fileID: 0}
    - target: {fileID: 6892414023481331662, guid: e14074d9163915c47bda92ea32447433,
        type: 3}
      propertyPath: m_LocalPosition.z
      value: 0
      objectReference: {fileID: 0}
    - target: {fileID: 6892414023481331662, guid: e14074d9163915c47bda92ea32447433,
        type: 3}
      propertyPath: m_LocalRotation.w
      value: 1
      objectReference: {fileID: 0}
    - target: {fileID: 6892414023481331662, guid: e14074d9163915c47bda92ea32447433,
        type: 3}
      propertyPath: m_LocalRotation.x
      value: 0
      objectReference: {fileID: 0}
    - target: {fileID: 6892414023481331662, guid: e14074d9163915c47bda92ea32447433,
        type: 3}
      propertyPath: m_LocalRotation.y
      value: 0
      objectReference: {fileID: 0}
    - target: {fileID: 6892414023481331662, guid: e14074d9163915c47bda92ea32447433,
        type: 3}
      propertyPath: m_LocalRotation.z
      value: 0
      objectReference: {fileID: 0}
    - target: {fileID: 6892414023481331662, guid: e14074d9163915c47bda92ea32447433,
        type: 3}
      propertyPath: m_LocalEulerAnglesHint.x
      value: 0
      objectReference: {fileID: 0}
    - target: {fileID: 6892414023481331662, guid: e14074d9163915c47bda92ea32447433,
        type: 3}
      propertyPath: m_LocalEulerAnglesHint.y
      value: 0
      objectReference: {fileID: 0}
    - target: {fileID: 6892414023481331662, guid: e14074d9163915c47bda92ea32447433,
        type: 3}
      propertyPath: m_LocalEulerAnglesHint.z
      value: 0
      objectReference: {fileID: 0}
    - target: {fileID: 6892414023481331663, guid: e14074d9163915c47bda92ea32447433,
        type: 3}
      propertyPath: completeLevelUI
      value: 
      objectReference: {fileID: 1105896672}
    m_RemovedComponents: []
  m_SourcePrefab: {fileID: 100100000, guid: e14074d9163915c47bda92ea32447433, type: 3}
